2378 4036
345 234 434 299 XIV.
478 243 508 311 7,
525 241 554 298 8.
598 236 782 314 (Datames.)
868 257 870 260 ·
968 245 1009 303 57

124 393 218 442 tentes
232 382 372 440 Datames
386 381 512 448 invadit:
534 382 626 457 primo
646 383 754 458 impetu
773 384 865 458 pellit,
879 384 1025 461 fugientes

123 461 313 537 persequitur,
339 460 443 517 multos
472 460 616 531 interficit,
645 472 741 518 castra
775 461 902 520 hostium
937 463 1023 540 capit.

122 539 190 598 Tali
215 539 339 597 consilio
365 556 423 596 uno
447 549 574 614 tempore
600 549 629 596 et
651 540 812 614 proditores
838 541 970 616 perculit,
995 547 1062 600 eta

122 617 222 676 hostes
236 617 407 693 profligavit,
422 627 459 686 st,
473 616 548 691 quod
568 617 604 674 ad
624 617 784 693 perniciem
804 618 896 676 suerat
916 621 1024 696 cogita-

123 707 189 767 tum,
202 697 234 754 id
247 695 284 753 ad
297 697 421 753 salutern
435 695 584 752 convertit.
625 697 690 762 Quo
703 715 797 771 neque
812 698 922 755 acutius
936 699 1023 756 ullius

122 775 301 851 imperatoris
326 773 489 850 cogitatum,
509 793 605 850 neque
629 775 755 832 celerius
778 775 885 833 sactum
904 794 1023 852 usquam

122 854 149 911 le
172 853 178 864 '
210 873 256 911 us.

151 872 231 990 gllil.
253 932 299 990 Ab
311 931 368 988 hoc
383 941 479 989 tamen
493 930 556 988 viro
571 931 711 1002 Scismas,
720 932 844 991 maximo
857 944 925 991 natu
936 933 1023 1006 filius,
1045 939 1058 992 l

122 1009 236 1080 desciit,
248 1010 285 1068 ad
292 1028 447 1085 regemque
459 1008 579 1080 transiit,
589 1020 617 1067 et
627 1009 664 1067 de
673 1010 836 1068 desectione
844 1012 933 1086 patris
942 1012 1022 1070 detu-

121 1090 163 1146 lit.
200 1089 266 1156 Quo
278 1088 379 1146 nuntio
394 1089 569 1145 Artaxerxes
584 1100 750 1158 commotus,
759 1089 834 1163 quod
846 1091 1023 1166 intelligebat

122 1168 177 1226 sibi
192 1187 258 1226 cum
270 1167 333 1224 viro
347 1166 412 1224 forti
425 1186 460 1224 ac
476 1176 592 1225 strenuo
606 1167 752 1242 negotium
771 1187 849 1238 esse,
863 1167 921 1243 qui,
936 1188 1022 1243 quum

122 1245 289 1322 cogitasset,
299 1245 396 1303 facere
408 1245 535 1316 auderet,
546 1254 576 1302 et
585 1246 664 1321 prius
674 1246 809 1322 cogitare,
820 1265 904 1321 quam
915 1247 1022 1318 conari,

122 1334 302 1394 consuesset,
314 1323 556 1399 Autophrodatem
567 1323 598 1381 in
610 1324 824 1400 Cappadociam
836 1325 929 1383 mittit.
961 1326 1021 1385 Hic
1041 1332 1060 1384 2

121 1423 157 1460 ne
177 1403 284 1460 intrare
305 1413 415 1477 posset,
440 1403 552 1470 saltum,
576 1402 606 1459 iu
633 1422 688 1477 quo
713 1403 826 1461 Cilicia
847 1415 934 1480 porta
956 1415 1022 1463 sunt

121 1483 192 1551 sita,
215 1481 354 1539 Datames
375 1498 577 1557 preoccupare
599 1481 714 1539 studuit.
757 1483 818 1540 Sed
844 1494 901 1540 tarn
928 1483 1021 1542 subito
1042 1489 1059 1542 3

122 1560 220 1636 copias
242 1559 410 1617 contrahere
429 1578 488 1617 non
507 1559 607 1636 potuit.
643 1561 670 1617 A
683 1580 738 1635 qua
751 1580 782 1618 re
797 1561 944 1637 depulsus,
956 1581 1021 1620 cum

122 1659 157 1696 ea
178 1658 273 1708 manu,
300 1656 384 1713 quarn
412 1648 600 1708 contraxerat,
624 1639 720 1696 locum
740 1639 849 1715 delegit
870 1641 965 1711 talem,
989 1650 1021 1699 ut

121 1736 213 1792 neque
229 1717 426 1774 circmniretur
440 1718 475 1774 ab
489 1717 630 1787 hostibus,
643 1736 737 1791 neque
751 1719 909 1792 praeteriret
923 1719 1022 1776 adver·

121 1797 225 1866 sarius,
238 1796 307 1870 quin
320 1795 492 1871 ancipitibus
505 1795 579 1854 locis
593 1806 779 1870 premeretur,
794 1807 831 1864 et,
843 1796 869 1852 si
883 1796 1021 1854 dimicare

123 1873 214 1952 [cum]
237 1893 272 1932 eo
290 1874 388 1946 vellet,
401 1893 459 1932 non
472 1875 590 1932 multum
610 1875 715 1930 obesse
736 1873 884 1931 multitudo
896 1873 1023 1932 hostium

121 1973 181 2010 suae
194 1953 332 2028 paucitati
344 1963 454 2028 posset.

161 2032 248 2090 VIII.
269 2031 342 2090 Haec
364 2031 420 2089 etsi
433 2031 664 2108 Autophradates
678 2031 801 2101 videbat,
815 2041 911 2088 tamen
925 2031 1022 2090 statuit
1044 2037 1056 2090 1

121 2110 269 2186 congredi,
284 2129 368 2186 quam
382 2129 448 2168 cum
461 2111 548 2168 tantis
569 2110 662 2186 copiis
682 2109 825 2186 refugere,
840 2121 888 2168 aut
900 2121 959 2168 tam
972 2111 1021 2170 diu

121 2208 177 2246 uno
192 2190 258 2248 loco
271 2189 384 2248 sedere.
426 2189 560 2247 Habebat
571 2190 752 2246 barbarorum
772 2190 897 2264 equitum
910 2189 1020 2266 viginti,
1040 2197 1058 2248 2

120 2268 249 2344 peditum
262 2280 376 2326 centum
388 2268 469 2325 milia
486 2285 557 2343 quos
571 2268 616 2324 illi
627 2267 773 2326 Cardacas
783 2269 936 2345 appellant,
945 2270 1021 2346 ejus·

121 2346 243 2422 demque
258 2347 374 2423 generis
387 2345 443 2404 tria
455 2311 645 2404 funditorum:
667 2357 806 2422 praeterea
818 2348 1021 2424 Cappaddcum

120 2436 196 2495 octo,
210 2424 411 2482 Armeniorum
425 2425 537 2495 decem,
552 2425 770 2501 Paphlagbnum
783 2426 916 2501 quinque,
928 2427 1020 2503 Phry·
1056 2469 1065 2490 ,

121 2523 189 2579 gum
202 2504 315 2582 decem,
330 2503 476 2579 Lydorum
489 2504 622 2578 quinque,
636 2503 849 2579 Aspendiorum
864 2516 893 2562 et
907 2505 1020 2564 Pisida·

120 2601 183 2639 rum
207 2581 323 2640 circiter
343 2583 405 2652 tria,
431 2582 557 2640 Cilicum
578 2582 643 2652 duo,
667 2583 870 2658 Captianorum
893 2583 1020 2654 totidem,

121 2679 159 2718 ex
184 2659 299 2718 Gracia
325 2661 603 2718 conductorum'tria
626 2660 749 2738 [milia]:
772 2662 846 2720 levis
874 2673 1020 2720 armatura

120 2738 276 2797 maximum
287 2757 445 2796 numerum.
486 2739 551 2797 Has
570 2739 712 2797 moereas
729 2741 828 2816 copias
843 2760 912 2816 spes
926 2741 1019 2798 omnis
1041 2745 1058 2798 3

120 2817 298 2875 consistebat
311 2817 426 2875 Datami
439 2818 470 2875 in
483 2837 517 2876 se
531 2817 646 2894 locique
659 2829 776 2877 natura:
798 2838 920 2894 namque
934 2819 1020 2894 hujus

119 2905 231 2972 partem
243 2914 302 2953 non
315 2895 438 2954 habebat
450 2896 619 2969 vicesimam
631 2896 762 2954 militum.
804 2898 916 2962 Quibus
930 2897 1020 2954 fretus

121 2973 260 3045 conflixit,
274 2974 558 3049 adversariorumque
577 2975 667 3032 multa
685 2975 765 3032 milia
786 2974 922 3045 concidit,
935 2993 1020 3048 quum

120 3052 156 3110 de
165 3051 259 3129 ipsius
271 3053 400 3110 exercitu
407 3071 465 3110 non
478 3053 600 3129 amplius
611 3052 757 3110 hominum
764 3052 843 3109 mille
853 3053 1019 3110 cecidisset.

121 3131 216 3199 Quam
229 3132 266 3188 ob
281 3150 398 3188 causam
415 3141 531 3207 postero
545 3131 592 3189 die
612 3142 749 3206 tropaeum
768 3129 872 3206 posuit,
885 3149 941 3206 qno
954 3132 1020 3190 loco

119 3209 213 3286 pridie
240 3219 396 3285 pugnatum
420 3219 489 3266 erat.
519 3210 611 3270 ‚Hinc
638 3227 722 3283 quum
750 3219 845 3266 castra
872 3209 1059 3284 movissetd

120 3306 291 3364 semperque
299 3287 525 3364 inferiorcopiis,
534 3287 799 3364 superioromnibus
808 3289 916 3363 proeliis
926 3290 1021 3365 disce·

120 3366 210 3437 deret,
237 3365 313 3440 quod
338 3385 490 3440 numquam
514 3385 630 3423 manum
656 3376 831 3436 consereret,
857 3368 915 3426 nisi
935 3387 1021 3443 quum

120 3444 302 3505 adversarios
324 3445 454 3502 locorum
474 3445 614 3520 angustiis
643 3444 797 3502 clausisset
821 3446 909 3522 (quod
927 3446 1020 3521 perito

120 3523 270 3600 regionum
290 3522 452 3596 callideque
473 3521 611 3596 cogitanti
631 3541 708 3597 sape
729 3523 911 3598 accidebat):
933 3523 1060 3580 Auta-5

120 3600 285 3678 pbradates,
300 3619 386 3676 quum
405 3599 513 3657 bellurn
532 3599 600 3656 duci
618 3601 726 3675 majore
749 3600 828 3674 regis
849 3598 1022 3669 calamitate,
