<?xml version="1.0" encoding="UTF-8"?>
<!DOCTYPE html PUBLIC "-//W3C//DTD XHTML 1.0 Transitional//EN"
    "http://www.w3.org/TR/xhtml1/DTD/xhtml1-transitional.dtd">
<html xmlns="http://www.w3.org/1999/xhtml" xml:lang="en" lang="en">
 <head>
  <title>
</title>
<meta http-equiv="Content-Type" content="text/html;charset=utf-8" />
  <meta name='ocr-system' content='tesseract 3.04.00' />
  <meta name='ocr-capabilities' content='ocr_page ocr_carea ocr_par ocr_line ocrx_word'/>
</head>
<body>
  <div class='ocr_page' id='page_1' title='image "./corneliusneposw06nepogoog_0038.png"; bbox 0 0 2378 4036; ppageno 0'>
   <div class='ocr_carea' id='block_1_1' title="bbox 379 211 1024 322">
    <p class='ocr_par' dir='ltr' id='par_1_1' title="bbox 379 211 1024 322">
     <span class='ocr_line' id='line_1_1' title="bbox 379 211 1024 322; baseline 0.005 -18"><span class='ocrx_word' id='word_1_1' title='bbox 379 241 453 306; x_wconf 83' lang='lat' dir='ltr'><strong>vn.</strong></span> <span class='ocrx_word' id='word_1_2' title='bbox 477 249 507 305; x_wconf 87' lang='lat'><strong>4.</strong></span> <span class='ocrx_word' id='word_1_3' title='bbox 558 243 775 322; x_wconf 68' lang='lat' dir='ltr'><strong>(Aternus.)</strong></span> <span class='ocrx_word' id='word_1_4' title='bbox 921 211 923 216; x_wconf 63' lang='grc'>’</span> <span class='ocrx_word' id='word_1_5' title='bbox 986 248 1024 307; x_wconf 84' lang='lat' dir='ltr'><strong>ar</strong></span> 
     </span>
    </p>
   </div>
   <div class='ocr_carea' id='block_1_2' title="bbox 120 387 1117 3295">
    <p class='ocr_par' dir='ltr' id='par_1_2' title="bbox 120 387 1068 1174">
     <span class='ocr_line' id='line_1_2' title="bbox 123 387 1030 465; baseline -0.002 -17"><span class='ocrx_word' id='word_1_6' title='bbox 123 389 201 448; x_wconf 86' lang='lat' dir='ltr'><strong>enim</strong></span> <span class='ocrx_word' id='word_1_7' title='bbox 214 387 389 447; x_wconf 90' lang='lat' dir='ltr'><strong>liberalitate</strong></span> <span class='ocrx_word' id='word_1_8' title='bbox 404 389 582 458; x_wconf 83' lang='lat' dir='ltr'><strong>devinxerat,</strong></span> <span class='ocrx_word' id='word_1_9' title='bbox 597 391 694 464; x_wconf 89' lang='lat' dir='ltr'><strong>plures</strong></span> <span class='ocrx_word' id='word_1_10' title='bbox 709 389 796 446; x_wconf 86' lang='lat' dir='ltr'><strong>etiam</strong></span> <span class='ocrx_word' id='word_1_11' title='bbox 816 407 905 465; x_wconf 89' lang='lat' dir='ltr'><strong>opera</strong></span> <span class='ocrx_word' id='word_1_12' title='bbox 920 388 1030 446; x_wconf 90' lang='lat' dir='ltr'><strong>forensi</strong></span> 
     </span>
     <span class='ocr_line' id='line_1_3' title="bbox 121 467 1068 543; baseline 0 -17"><span class='ocrx_word' id='word_1_13' title='bbox 121 487 191 526; x_wconf 89' lang='lat' dir='ltr'><strong>suos</strong></span> <span class='ocrx_word' id='word_1_14' title='bbox 204 467 379 525; x_wconf 85' lang='lat' dir='ltr'><strong>reddiderat.</strong></span> <span class='ocrx_word' id='word_1_15' title='bbox 422 468 519 534; x_wconf 83' lang='lat' dir='ltr'>Quare</span> <span class='ocrx_word' id='word_1_16' title='bbox 534 469 629 537; x_wconf 90' lang='lat' dir='ltr'><strong>fiebat,</strong></span> <span class='ocrx_word' id='word_1_17' title='bbox 642 478 674 524; x_wconf 92' lang='lat' dir='ltr'><strong>ut</strong></span> <span class='ocrx_word' id='word_1_18' title='bbox 690 467 816 524; x_wconf 88' lang='lat' dir='ltr'><strong>omnium</strong></span> <span class='ocrx_word' id='word_1_19' title='bbox 836 468 946 538; x_wconf 88' lang='lat' dir='ltr'><strong>oculos,</strong></span> <span class='ocrx_word' id='word_1_20' title='bbox 960 482 1021 543; x_wconf 84' lang='lat' dir='ltr'><strong>quo·</strong></span> <span class='ocrx_word' id='word_1_21' title='bbox 1049 472 1068 526; x_wconf 73' lang='lat' dir='ltr'><strong>b</strong></span> 
     </span>
     <span class='ocr_line' id='line_1_4' title="bbox 120 545 1028 621; baseline 0 -17"><span class='ocrx_word' id='word_1_22' title='bbox 120 548 302 620; x_wconf 89' lang='lat' dir='ltr'><strong>tiescumque</strong></span> <span class='ocrx_word' id='word_1_23' title='bbox 327 545 358 603; x_wconf 91' lang='lat' dir='ltr'><strong>in</strong></span> <span class='ocrx_word' id='word_1_24' title='bbox 381 546 528 621; x_wconf 90' lang='lat' dir='ltr'><strong>publicum</strong></span> <span class='ocrx_word' id='word_1_25' title='bbox 551 546 705 621; x_wconf 83' lang='lat' dir='ltr'><strong>prodisset,</strong></span> <span class='ocrx_word' id='word_1_26' title='bbox 726 546 763 604; x_wconf 85' lang='lat' dir='ltr'><strong>ad</strong></span> <span class='ocrx_word' id='word_1_27' title='bbox 785 566 818 603; x_wconf 91' lang='lat' dir='ltr'><strong>se</strong></span> <span class='ocrx_word' id='word_1_28' title='bbox 840 555 1028 616; x_wconf 88' lang='lat' dir='ltr'><strong>converteret,</strong></span> 
     </span>
     <span class='ocr_line' id='line_1_5' title="bbox 121 625 1028 701; baseline -0.001 -18"><span class='ocrx_word' id='word_1_29' title='bbox 121 645 216 701; x_wconf 90' lang='lat' dir='ltr'><strong>neque</strong></span> <span class='ocrx_word' id='word_1_30' title='bbox 233 625 261 682; x_wconf 91' lang='lat' dir='ltr'><strong>ei</strong></span> <span class='ocrx_word' id='word_1_31' title='bbox 285 643 337 699; x_wconf 91' lang='lat' dir='ltr'><strong>par</strong></span> <span class='ocrx_word' id='word_1_32' title='bbox 360 625 510 699; x_wconf 90' lang='lat' dir='ltr'><strong>quisquam</strong></span> <span class='ocrx_word' id='word_1_33' title='bbox 533 625 563 681; x_wconf 90' lang='lat' dir='ltr'><strong>in</strong></span> <span class='ocrx_word' id='word_1_34' title='bbox 585 625 700 682; x_wconf 88' lang='lat' dir='ltr'><strong>civitate</strong></span> <span class='ocrx_word' id='word_1_35' title='bbox 724 635 887 700; x_wconf 82' lang='lat' dir='ltr'><strong>poneretur.</strong></span> <span class='ocrx_word' id='word_1_36' title='bbox 928 625 1028 700; x_wconf 88' lang='lat' dir='ltr'><strong>Itaque</strong></span> 
     </span>
     <span class='ocr_line' id='line_1_6' title="bbox 120 702 1028 778; baseline 0 -17"><span class='ocrx_word' id='word_1_37' title='bbox 120 723 179 762; x_wconf 92' lang='lat' dir='ltr'><strong>non</strong></span> <span class='ocrx_word' id='word_1_38' title='bbox 194 705 288 761; x_wconf 90' lang='lat' dir='ltr'><strong>solum</strong></span> <span class='ocrx_word' id='word_1_39' title='bbox 302 722 386 778; x_wconf 92' lang='lat' dir='ltr'><strong>spem</strong></span> <span class='ocrx_word' id='word_1_40' title='bbox 404 703 434 759; x_wconf 88' lang='lat' dir='ltr'><strong>in</strong></span> <span class='ocrx_word' id='word_1_41' title='bbox 449 721 485 760; x_wconf 90' lang='lat' dir='ltr'><strong>eo</strong></span> <span class='ocrx_word' id='word_1_42' title='bbox 508 703 652 760; x_wconf 89' lang='lat' dir='ltr'><strong>habebant</strong></span> <span class='ocrx_word' id='word_1_43' title='bbox 674 703 837 773; x_wconf 82' lang='lat' dir='ltr'><strong>maximam,</strong></span> <span class='ocrx_word' id='word_1_44' title='bbox 862 702 915 760; x_wconf 92' lang='lat' dir='ltr'><strong>sed</strong></span> <span class='ocrx_word' id='word_1_45' title='bbox 941 704 1028 761; x_wconf 88' lang='lat' dir='ltr'><strong>etiam</strong></span> 
     </span>
     <span class='ocr_line' id='line_1_7' title="bbox 121 782 1028 857; baseline -0.001 -17"><span class='ocrx_word' id='word_1_46' title='bbox 121 783 263 851; x_wconf 90' lang='lat' dir='ltr'><strong>timorem,</strong></span> <span class='ocrx_word' id='word_1_47' title='bbox 277 782 354 857; x_wconf 93' lang='lat' dir='ltr'><strong>quod</strong></span> <span class='ocrx_word' id='word_1_48' title='bbox 368 791 397 838; x_wconf 90' lang='lat' dir='ltr'><strong>et</strong></span> <span class='ocrx_word' id='word_1_49' title='bbox 416 783 522 838; x_wconf 90' lang='lat' dir='ltr'><strong>obesse</strong></span> <span class='ocrx_word' id='word_1_50' title='bbox 536 782 689 856; x_wconf 89' lang='lat' dir='ltr'><strong>plurimum</strong></span> <span class='ocrx_word' id='word_1_51' title='bbox 703 792 733 838; x_wconf 90' lang='lat' dir='ltr'><strong>et</strong></span> <span class='ocrx_word' id='word_1_52' title='bbox 752 782 892 856; x_wconf 82' lang='lat' dir='ltr'><strong>prodesse</strong></span> <span class='ocrx_word' id='word_1_53' title='bbox 906 791 1028 856; x_wconf 85' lang='lat' dir='ltr'><strong>poterat.</strong></span> 
     </span>
     <span class='ocr_line' id='line_1_8' title="bbox 122 855 1067 936; baseline -0.001 -17"><span class='ocrx_word' id='word_1_54' title='bbox 122 855 360 936; x_wconf 87' lang='lat' dir='ltr'><strong>Adspergebatur</strong></span> <span class='ocrx_word' id='word_1_55' title='bbox 373 861 461 917; x_wconf 91' lang='lat' dir='ltr'><strong>etiam</strong></span> <span class='ocrx_word' id='word_1_56' title='bbox 480 860 607 930; x_wconf 75' lang='lat' dir='ltr'><strong>infamia,</strong></span> <span class='ocrx_word' id='word_1_57' title='bbox 621 860 697 934; x_wconf 91' lang='lat' dir='ltr'><strong>quod</strong></span> <span class='ocrx_word' id='word_1_58' title='bbox 720 860 750 916; x_wconf 91' lang='lat' dir='ltr'><strong>in</strong></span> <span class='ocrx_word' id='word_1_59' title='bbox 765 860 849 917; x_wconf 94' lang='lat' dir='ltr'><strong>domo</strong></span> <span class='ocrx_word' id='word_1_60' title='bbox 863 879 916 933; x_wconf 78' lang='lat' dir='ltr'><strong>sua</strong></span> <span class='ocrx_word' id='word_1_61' title='bbox 929 860 1027 918; x_wconf 85' lang='lat' dir='ltr'><strong>lacere</strong></span> <span class='ocrx_word' id='word_1_62' title='bbox 1048 863 1067 918; x_wconf 88' lang='lat'><strong>6</strong></span> 
     </span>
     <span class='ocr_line' id='line_1_9' title="bbox 122 938 1028 1016; baseline 0 -20"><span class='ocrx_word' id='word_1_63' title='bbox 122 940 262 1016; x_wconf 88' lang='lat' dir='ltr'><strong>mysteria</strong></span> <span class='ocrx_word' id='word_1_64' title='bbox 285 939 450 996; x_wconf 84' lang='lat' dir='ltr'><strong>dicebatur:</strong></span> <span class='ocrx_word' id='word_1_65' title='bbox 484 939 559 1012; x_wconf 92' lang='lat' dir='ltr'><strong>quod</strong></span> <span class='ocrx_word' id='word_1_66' title='bbox 580 939 663 996; x_wconf 82' lang='lat' dir='ltr'><strong>nefas</strong></span> <span class='ocrx_word' id='word_1_67' title='bbox 687 949 748 996; x_wconf 89' lang='lat' dir='ltr'><strong>erat</strong></span> <span class='ocrx_word' id='word_1_68' title='bbox 767 957 847 996; x_wconf 89' lang='lat' dir='ltr'><strong>more</strong></span> <span class='ocrx_word' id='word_1_69' title='bbox 869 938 1028 996; x_wconf 83' lang='lat' dir='ltr'><strong>Athenien·</strong></span> 
     </span>
     <span class='ocr_line' id='line_1_10' title="bbox 122 1017 1027 1094; baseline -0.001 -19"><span class='ocrx_word' id='word_1_70' title='bbox 122 1026 218 1087; x_wconf 82' lang='lat' dir='ltr'><strong>sium3</strong></span> <span class='ocrx_word' id='word_1_71' title='bbox 249 1017 336 1091; x_wconf 90' lang='lat' dir='ltr'><strong>idque</strong></span> <span class='ocrx_word' id='word_1_72' title='bbox 360 1035 419 1074; x_wconf 91' lang='lat' dir='ltr'><strong>non</strong></span> <span class='ocrx_word' id='word_1_73' title='bbox 433 1017 470 1073; x_wconf 93' lang='lat' dir='ltr'><strong>ad</strong></span> <span class='ocrx_word' id='word_1_74' title='bbox 489 1017 669 1092; x_wconf 84' lang='lat' dir='ltr'><strong>religionem,</strong></span> <span class='ocrx_word' id='word_1_75' title='bbox 684 1018 738 1074; x_wconf 92' lang='lat' dir='ltr'><strong>sed</strong></span> <span class='ocrx_word' id='word_1_76' title='bbox 752 1017 789 1074; x_wconf 90' lang='lat' dir='ltr'><strong>ad</strong></span> <span class='ocrx_word' id='word_1_77' title='bbox 802 1018 1027 1094; x_wconf 89' lang='lat' dir='ltr'><strong>conjurationem</strong></span> 
     </span>
     <span class='ocr_line' id='line_1_11' title="bbox 122 1096 506 1174; baseline -0.005 -20"><span class='ocrx_word' id='word_1_78' title='bbox 122 1097 267 1173; x_wconf 85' lang='lat' dir='ltr'><strong>pertinere</strong></span> <span class='ocrx_word' id='word_1_79' title='bbox 283 1096 506 1174; x_wconf 88' lang='lat' dir='ltr'><strong>existimabatur.</strong></span> 
     </span>
    </p>

    <p class='ocr_par' dir='ltr' id='par_1_3' title="bbox 120 1174 1117 3295">
     <span class='ocr_line' id='line_1_12' title="bbox 162 1174 1063 1250; baseline 0.002 -18"><span class='ocrx_word' id='word_1_80' title='bbox 162 1175 216 1233; x_wconf 91' lang='lat' dir='ltr'><strong>IV.</strong></span> <span class='ocrx_word' id='word_1_81' title='bbox 240 1175 306 1232; x_wconf 90' lang='lat' dir='ltr'><strong>Hoc</strong></span> <span class='ocrx_word' id='word_1_82' title='bbox 327 1174 447 1231; x_wconf 85' lang='lat' dir='ltr'><strong>crimine</strong></span> <span class='ocrx_word' id='word_1_83' title='bbox 468 1175 499 1231; x_wconf 91' lang='lat' dir='ltr'><strong>in</strong></span> <span class='ocrx_word' id='word_1_84' title='bbox 519 1174 659 1238; x_wconf 90' lang='lat' dir='ltr'><strong>concione</strong></span> <span class='ocrx_word' id='word_1_85' title='bbox 675 1176 710 1232; x_wconf 90' lang='lat' dir='ltr'><strong>ab</strong></span> <span class='ocrx_word' id='word_1_86' title='bbox 731 1175 857 1233; x_wconf 90' lang='lat' dir='ltr'><strong>inimicis</strong></span> <span class='ocrx_word' id='word_1_87' title='bbox 872 1175 1028 1250; x_wconf 89' lang='lat' dir='ltr'><strong>compella·</strong></span> <span class='ocrx_word' id='word_1_88' title='bbox 1050 1179 1063 1234; x_wconf 90' lang='lat'>1</span> 
     </span>
     <span class='ocr_line' id='line_1_13' title="bbox 121 1252 1026 1330; baseline -0.001 -19"><span class='ocrx_word' id='word_1_89' title='bbox 121 1255 212 1311; x_wconf 86' lang='lat' dir='ltr'><strong>batur.</strong></span> <span class='ocrx_word' id='word_1_90' title='bbox 256 1253 317 1310; x_wconf 88' lang='lat' dir='ltr'><strong>Sed</strong></span> <span class='ocrx_word' id='word_1_91' title='bbox 341 1253 465 1310; x_wconf 91' lang='lat' dir='ltr'><strong>instabat</strong></span> <span class='ocrx_word' id='word_1_92' title='bbox 488 1263 601 1329; x_wconf 91' lang='lat' dir='ltr'><strong>tempus</strong></span> <span class='ocrx_word' id='word_1_93' title='bbox 624 1254 660 1310; x_wconf 89' lang='lat' dir='ltr'><strong>ad</strong></span> <span class='ocrx_word' id='word_1_94' title='bbox 680 1254 788 1311; x_wconf 91' lang='lat' dir='ltr'><strong>bellum</strong></span> <span class='ocrx_word' id='word_1_95' title='bbox 811 1252 1026 1330; x_wconf 87' lang='lat' dir='ltr'><strong>proficiscendi.</strong></span> 
     </span>
     <span class='ocr_line' id='line_1_14' title="bbox 123 1332 1079 1408; baseline -0.001 -18"><span class='ocrx_word' id='word_1_96' title='bbox 123 1333 158 1390; x_wconf 94' lang='lat' dir='ltr'><strong>Id</strong></span> <span class='ocrx_word' id='word_1_97' title='bbox 177 1333 229 1390; x_wconf 90' lang='lat' dir='ltr'><strong>ille</strong></span> <span class='ocrx_word' id='word_1_98' title='bbox 243 1332 368 1401; x_wconf 88' lang='lat' dir='ltr'><strong>intuens,</strong></span> <span class='ocrx_word' id='word_1_99' title='bbox 381 1350 476 1406; x_wconf 91' lang='lat' dir='ltr'><strong>neque</strong></span> <span class='ocrx_word' id='word_1_100' title='bbox 497 1333 633 1408; x_wconf 87' lang='lat' dir='ltr'><strong>ignorans</strong></span> <span class='ocrx_word' id='word_1_101' title='bbox 649 1332 755 1389; x_wconf 90' lang='lat' dir='ltr'><strong>civium</strong></span> <span class='ocrx_word' id='word_1_102' title='bbox 775 1351 891 1390; x_wconf 87' lang='lat' dir='ltr'><strong>suorum</strong></span> <span class='ocrx_word' id='word_1_103' title='bbox 904 1350 1027 1389; x_wconf 86' lang='lat' dir='ltr'><strong>consuo·</strong></span> <span class='ocrx_word' id='word_1_104' title='bbox 1075 1381 1079 1389; x_wconf 90' lang='lat'><em>.</em></span> 
     </span>
     <span class='ocr_line' id='line_1_15' title="bbox 121 1410 1107 1487; baseline -0.001 -19"><span class='ocrx_word' id='word_1_105' title='bbox 121 1410 260 1481; x_wconf 90' lang='lat' dir='ltr'><strong>tudinem,</strong></span> <span class='ocrx_word' id='word_1_106' title='bbox 273 1411 444 1486; x_wconf 88' lang='lat' dir='ltr'><strong>postulabat,</strong></span> <span class='ocrx_word' id='word_1_107' title='bbox 458 1411 485 1467; x_wconf 91' lang='lat' dir='ltr'><strong>si</strong></span> <span class='ocrx_word' id='word_1_108' title='bbox 499 1411 568 1485; x_wconf 89' lang='lat' dir='ltr'><strong>quid</strong></span> <span class='ocrx_word' id='word_1_109' title='bbox 581 1411 617 1468; x_wconf 92' lang='lat' dir='ltr'><strong>de</strong></span> <span class='ocrx_word' id='word_1_110' title='bbox 632 1431 665 1468; x_wconf 90' lang='lat' dir='ltr'><strong>se</strong></span> <span class='ocrx_word' id='word_1_111' title='bbox 681 1412 729 1487; x_wconf 87' lang='lat' dir='ltr'><strong>agi</strong></span> <span class='ocrx_word' id='word_1_112' title='bbox 748 1413 865 1482; x_wconf 89' lang='lat' dir='ltr'><strong>vellent,</strong></span> <span class='ocrx_word' id='word_1_113' title='bbox 879 1411 974 1487; x_wconf 90' lang='lat' dir='ltr'><strong>potius</strong></span> <span class='ocrx_word' id='word_1_114' title='bbox 989 1410 1026 1468; x_wconf 94' lang='lat' dir='ltr'><strong>de</strong></span> <span class='ocrx_word' id='word_1_115' title='bbox 1103 1422 1107 1431; x_wconf 92' lang='grc'><em>“</em></span> 
     </span>
     <span class='ocr_line' id='line_1_16' title="bbox 121 1489 1027 1566; baseline 0 -20"><span class='ocrx_word' id='word_1_116' title='bbox 121 1500 263 1566; x_wconf 74' lang='lat' dir='ltr'><strong>prasente</strong></span> <span class='ocrx_word' id='word_1_117' title='bbox 278 1489 397 1563; x_wconf 75' lang='lat' dir='ltr'><strong>questio</strong></span> <span class='ocrx_word' id='word_1_118' title='bbox 420 1489 584 1560; x_wconf 82' lang='lat' dir='ltr'><strong>haberetur,</strong></span> <span class='ocrx_word' id='word_1_119' title='bbox 598 1509 682 1564; x_wconf 91' lang='lat' dir='ltr'><strong>quam</strong></span> <span class='ocrx_word' id='word_1_120' title='bbox 702 1492 808 1548; x_wconf 84' lang='lat' dir='ltr'><strong>absens</strong></span> <span class='ocrx_word' id='word_1_121' title='bbox 832 1490 947 1548; x_wconf 77' lang='lat' dir='ltr'><strong>invidiae</strong></span> <span class='ocrx_word' id='word_1_122' title='bbox 972 1489 1027 1547; x_wconf 89' lang='lat' dir='ltr'><strong>cri·</strong></span> 
     </span>
     <span class='ocr_line' id='line_1_17' title="bbox 121 1568 1064 1646; baseline 0 -21"><span class='ocrx_word' id='word_1_123' title='bbox 121 1569 199 1625; x_wconf 92' lang='lat' dir='ltr'><strong>mine</strong></span> <span class='ocrx_word' id='word_1_124' title='bbox 221 1580 414 1643; x_wconf 66' lang='lat' dir='ltr'><strong>accineretur,</strong></span> <span class='ocrx_word' id='word_1_125' title='bbox 456 1569 571 1626; x_wconf 86' lang='lat' dir='ltr'><strong>Inimici</strong></span> <span class='ocrx_word' id='word_1_126' title='bbox 585 1587 654 1626; x_wconf 91' lang='lat' dir='ltr'><strong>vero</strong></span> <span class='ocrx_word' id='word_1_127' title='bbox 679 1570 741 1646; x_wconf 88' lang='lat' dir='ltr'><strong>ejus</strong></span> <span class='ocrx_word' id='word_1_128' title='bbox 763 1569 972 1644; x_wconf 89' lang='lat' dir='ltr'><strong>quiescendum</strong></span> <span class='ocrx_word' id='word_1_129' title='bbox 995 1568 1026 1626; x_wconf 91' lang='lat' dir='ltr'><strong>in</strong></span> <span class='ocrx_word' id='word_1_130' title='bbox 1045 1572 1064 1625; x_wconf 82' lang='lat'>2</span> 
     </span>
     <span class='ocr_line' id='line_1_18' title="bbox 121 1646 1028 1724; baseline 0.001 -20"><span class='ocrx_word' id='word_1_131' title='bbox 121 1647 266 1722; x_wconf 88' lang='lat' dir='ltr'><strong>praesenti,</strong></span> <span class='ocrx_word' id='word_1_132' title='bbox 290 1647 357 1721; x_wconf 90' lang='lat' dir='ltr'><strong>quia</strong></span> <span class='ocrx_word' id='word_1_133' title='bbox 370 1646 470 1704; x_wconf 88' lang='lat' dir='ltr'><strong>noceri</strong></span> <span class='ocrx_word' id='word_1_134' title='bbox 490 1666 549 1705; x_wconf 91' lang='lat' dir='ltr'><strong>non</strong></span> <span class='ocrx_word' id='word_1_135' title='bbox 571 1666 660 1724; x_wconf 88' lang='lat' dir='ltr'><strong>posse</strong></span> <span class='ocrx_word' id='word_1_136' title='bbox 681 1648 889 1724; x_wconf 85' lang='lat' dir='ltr'><strong>intelligebant,</strong></span> <span class='ocrx_word' id='word_1_137' title='bbox 904 1657 933 1704; x_wconf 93' lang='lat' dir='ltr'><strong>et</strong></span> <span class='ocrx_word' id='word_1_138' title='bbox 956 1647 1028 1705; x_wconf 92' lang='lat' dir='ltr'><strong>illud</strong></span> 
     </span>
     <span class='ocr_line' id='line_1_19' title="bbox 122 1726 1025 1801; baseline 0 -19"><span class='ocrx_word' id='word_1_139' title='bbox 122 1736 235 1801; x_wconf 89' lang='lat' dir='ltr'><strong>tempus</strong></span> <span class='ocrx_word' id='word_1_140' title='bbox 254 1726 481 1801; x_wconf 82' lang='lat' dir='ltr'><strong>exspectandum</strong></span> <span class='ocrx_word' id='word_1_141' title='bbox 504 1727 703 1796; x_wconf 89' lang='lat' dir='ltr'><strong>decreverunt,</strong></span> <span class='ocrx_word' id='word_1_142' title='bbox 723 1745 778 1801; x_wconf 91' lang='lat' dir='ltr'><strong>quo</strong></span> <span class='ocrx_word' id='word_1_143' title='bbox 793 1726 913 1795; x_wconf 87' lang='lat' dir='ltr'><strong>exisset,</strong></span> <span class='ocrx_word' id='word_1_144' title='bbox 926 1736 958 1782; x_wconf 92' lang='lat' dir='ltr'><strong>ut</strong></span> <span class='ocrx_word' id='word_1_145' title='bbox 981 1727 1025 1782; x_wconf 92' lang='lat' dir='ltr'><strong>sic</strong></span> 
     </span>
     <span class='ocr_line' id='line_1_20' title="bbox 121 1804 1065 1880; baseline -0.001 -19"><span class='ocrx_word' id='word_1_146' title='bbox 121 1805 272 1862; x_wconf 87' lang='lat' dir='ltr'><strong>absentem</strong></span> <span class='ocrx_word' id='word_1_147' title='bbox 292 1804 532 1880; x_wconf 84' lang='lat' dir='ltr'><strong>aggrederentur:</strong></span> <span class='ocrx_word' id='word_1_148' title='bbox 555 1806 650 1879; x_wconf 78' lang='lat' dir='ltr'><strong>itaque</strong></span> <span class='ocrx_word' id='word_1_149' title='bbox 671 1804 811 1862; x_wconf 84' lang='lat' dir='ltr'><strong>fecerunt.</strong></span> <span class='ocrx_word' id='word_1_150' title='bbox 853 1804 930 1860; x_wconf 89' lang='lat' dir='ltr'><strong>Nam</strong></span> <span class='ocrx_word' id='word_1_151' title='bbox 949 1813 1027 1877; x_wconf 89' lang='lat' dir='ltr'><strong>post·</strong></span> <span class='ocrx_word' id='word_1_152' title='bbox 1047 1808 1065 1860; x_wconf 84' lang='lat'>3</span> 
     </span>
     <span class='ocr_line' id='line_1_21' title="bbox 121 1883 1026 1960; baseline -0.003 -20"><span class='ocrx_word' id='word_1_153' title='bbox 121 1902 206 1958; x_wconf 92' lang='lat' dir='ltr'><strong>quam</strong></span> <span class='ocrx_word' id='word_1_154' title='bbox 219 1884 250 1940; x_wconf 90' lang='lat' dir='ltr'><strong>in</strong></span> <span class='ocrx_word' id='word_1_155' title='bbox 266 1883 399 1940; x_wconf 87' lang='lat' dir='ltr'><strong>Siciliam</strong></span> <span class='ocrx_word' id='word_1_156' title='bbox 410 1903 476 1940; x_wconf 90' lang='lat' dir='ltr'><strong>eum</strong></span> <span class='ocrx_word' id='word_1_157' title='bbox 484 1884 655 1960; x_wconf 89' lang='lat' dir='ltr'><strong>pervenisse</strong></span> <span class='ocrx_word' id='word_1_158' title='bbox 666 1883 858 1951; x_wconf 66' lang='lat' dir='ltr'><strong>crediderumt,</strong></span> <span class='ocrx_word' id='word_1_159' title='bbox 868 1883 1026 1951; x_wconf 89' lang='lat' dir='ltr'><strong>absentem,</strong></span> 
     </span>
     <span class='ocr_line' id='line_1_22' title="bbox 120 1960 1027 2037; baseline 0 -19"><span class='ocrx_word' id='word_1_160' title='bbox 120 1962 197 2037; x_wconf 90' lang='lat' dir='ltr'><strong>quod</strong></span> <span class='ocrx_word' id='word_1_161' title='bbox 217 1981 302 2018; x_wconf 89' lang='lat' dir='ltr'><strong>sacra</strong></span> <span class='ocrx_word' id='word_1_162' title='bbox 315 1962 464 2032; x_wconf 89' lang='lat' dir='ltr'><strong>violasset,</strong></span> <span class='ocrx_word' id='word_1_163' title='bbox 484 1982 564 2020; x_wconf 89' lang='lat' dir='ltr'><strong>reum</strong></span> <span class='ocrx_word' id='word_1_164' title='bbox 583 1962 723 2020; x_wconf 84' lang='lat' dir='ltr'><strong>fecerunt.</strong></span> <span class='ocrx_word' id='word_1_165' title='bbox 765 1961 831 2026; x_wconf 90' lang='lat' dir='ltr'><strong>Qua</strong></span> <span class='ocrx_word' id='word_1_166' title='bbox 845 1960 881 2016; x_wconf 91' lang='lat' dir='ltr'><strong>de</strong></span> <span class='ocrx_word' id='word_1_167' title='bbox 895 1979 927 2016; x_wconf 89' lang='lat' dir='ltr'><strong>re</strong></span> <span class='ocrx_word' id='word_1_168' title='bbox 941 1979 1027 2034; x_wconf 91' lang='lat' dir='ltr'><strong>quum</strong></span> 
     </span>
     <span class='ocr_line' id='line_1_23' title="bbox 121 2039 1027 2116; baseline 0 -20"><span class='ocrx_word' id='word_1_169' title='bbox 121 2040 149 2097; x_wconf 88' lang='lat' dir='ltr'><strong>ei</strong></span> <span class='ocrx_word' id='word_1_170' title='bbox 163 2040 280 2097; x_wconf 87' lang='lat' dir='ltr'><strong>nuntius</strong></span> <span class='ocrx_word' id='word_1_171' title='bbox 296 2041 493 2116; x_wconf 87' lang='lat' dir='ltr'><strong>amagistratu</strong></span> <span class='ocrx_word' id='word_1_172' title='bbox 512 2042 543 2099; x_wconf 90' lang='lat' dir='ltr'><strong>in</strong></span> <span class='ocrx_word' id='word_1_173' title='bbox 563 2041 696 2099; x_wconf 89' lang='lat' dir='ltr'><strong>Siciliam</strong></span> <span class='ocrx_word' id='word_1_174' title='bbox 708 2040 816 2097; x_wconf 89' lang='lat' dir='ltr'><strong>missus</strong></span> <span class='ocrx_word' id='word_1_175' title='bbox 831 2051 920 2110; x_wconf 90' lang='lat' dir='ltr'><strong>esset,</strong></span> <span class='ocrx_word' id='word_1_176' title='bbox 933 2050 964 2096; x_wconf 90' lang='lat' dir='ltr'><strong>ut</strong></span> <span class='ocrx_word' id='word_1_177' title='bbox 978 2039 1027 2096; x_wconf 93' lang='lat' dir='ltr'><strong>do·</strong></span> 
     </span>
     <span class='ocr_line' id='line_1_24' title="bbox 121 2119 1027 2195; baseline -0.001 -19"><span class='ocrx_word' id='word_1_178' title='bbox 121 2138 198 2176; x_wconf 90' lang='lat' dir='ltr'><strong>mum</strong></span> <span class='ocrx_word' id='word_1_179' title='bbox 220 2119 257 2176; x_wconf 92' lang='lat' dir='ltr'><strong>ad</strong></span> <span class='ocrx_word' id='word_1_180' title='bbox 271 2138 390 2176; x_wconf 87' lang='lat' dir='ltr'><strong>causam</strong></span> <span class='ocrx_word' id='word_1_181' title='bbox 410 2120 563 2177; x_wconf 87' lang='lat' dir='ltr'><strong>dicendam</strong></span> <span class='ocrx_word' id='word_1_182' title='bbox 576 2120 692 2190; x_wconf 89' lang='lat' dir='ltr'><strong>rediret,</strong></span> <span class='ocrx_word' id='word_1_183' title='bbox 715 2129 850 2194; x_wconf 88' lang='lat' dir='ltr'><strong>essetque</strong></span> <span class='ocrx_word' id='word_1_184' title='bbox 872 2119 903 2176; x_wconf 90' lang='lat' dir='ltr'><strong>in</strong></span> <span class='ocrx_word' id='word_1_185' title='bbox 923 2137 1027 2195; x_wconf 86' lang='lat' dir='ltr'><strong>magna</strong></span> 
     </span>
     <span class='ocr_line' id='line_1_25' title="bbox 120 2198 1026 2275; baseline 0 -21"><span class='ocrx_word' id='word_1_186' title='bbox 120 2217 173 2274; x_wconf 92' lang='lat' dir='ltr'><strong>spe</strong></span> <span class='ocrx_word' id='word_1_187' title='bbox 187 2198 346 2275; x_wconf 83' lang='lat' dir='ltr'><strong>provinciae</strong></span> <span class='ocrx_word' id='word_1_188' title='bbox 366 2199 441 2256; x_wconf 91' lang='lat' dir='ltr'><strong>bene</strong></span> <span class='ocrx_word' id='word_1_189' title='bbox 463 2199 712 2268; x_wconf 79' lang='lat' dir='ltr'><strong>administrandae;</strong></span> <span class='ocrx_word' id='word_1_190' title='bbox 739 2217 796 2255; x_wconf 88' lang='lat' dir='ltr'><strong>non</strong></span> <span class='ocrx_word' id='word_1_191' title='bbox 809 2216 911 2273; x_wconf 89' lang='lat' dir='ltr'><strong>parere</strong></span> <span class='ocrx_word' id='word_1_192' title='bbox 926 2198 1026 2267; x_wconf 88' lang='lat' dir='ltr'><strong>noluit,</strong></span> 
     </span>
     <span class='ocr_line' id='line_1_26' title="bbox 122 2277 1028 2352; baseline 0.001 -20"><span class='ocrx_word' id='word_1_193' title='bbox 122 2288 150 2333; x_wconf 89' lang='lat' dir='ltr'><strong>et</strong></span> <span class='ocrx_word' id='word_1_194' title='bbox 171 2277 203 2333; x_wconf 92' lang='lat' dir='ltr'><strong>in</strong></span> <span class='ocrx_word' id='word_1_195' title='bbox 217 2277 372 2346; x_wconf 88' lang='lat' dir='ltr'><strong>triremem,</strong></span> <span class='ocrx_word' id='word_1_196' title='bbox 387 2296 448 2352; x_wconf 84' lang='lat' dir='ltr'><strong>quae</strong></span> <span class='ocrx_word' id='word_1_197' title='bbox 473 2277 510 2334; x_wconf 95' lang='lat' dir='ltr'><strong>ad</strong></span> <span class='ocrx_word' id='word_1_198' title='bbox 532 2297 599 2334; x_wconf 90' lang='lat' dir='ltr'><strong>eum</strong></span> <span class='ocrx_word' id='word_1_199' title='bbox 613 2277 819 2352; x_wconf 90' lang='lat' dir='ltr'><strong>deportandum</strong></span> <span class='ocrx_word' id='word_1_200' title='bbox 843 2287 904 2334; x_wconf 89' lang='lat' dir='ltr'><strong>erat</strong></span> <span class='ocrx_word' id='word_1_201' title='bbox 926 2277 1028 2347; x_wconf 80' lang='lat' dir='ltr'><strong>missa,</strong></span> 
     </span>
     <span class='ocr_line' id='line_1_27' title="bbox 121 2355 1117 2431; baseline 0 -19"><span class='ocrx_word' id='word_1_202' title='bbox 121 2355 283 2412; x_wconf 89' lang='lat' dir='ltr'><strong>adscendit.</strong></span> <span class='ocrx_word' id='word_1_203' title='bbox 325 2355 391 2413; x_wconf 90' lang='lat' dir='ltr'><strong>Hac</strong></span> <span class='ocrx_word' id='word_1_204' title='bbox 412 2355 540 2413; x_wconf 89' lang='lat' dir='ltr'><strong>Thurios</strong></span> <span class='ocrx_word' id='word_1_205' title='bbox 561 2355 592 2412; x_wconf 90' lang='lat' dir='ltr'><strong>in</strong></span> <span class='ocrx_word' id='word_1_206' title='bbox 612 2356 726 2414; x_wconf 90' lang='lat' dir='ltr'><strong>ltaliam</strong></span> <span class='ocrx_word' id='word_1_207' title='bbox 750 2366 914 2431; x_wconf 86' lang='lat' dir='ltr'><strong>pervectus,</strong></span> <span class='ocrx_word' id='word_1_208' title='bbox 937 2355 1064 2412; x_wconf 84' lang='lat' dir='ltr'><strong>multa4</strong></span> <span class='ocrx_word' id='word_1_209' title='bbox 1113 2369 1117 2377; x_wconf 65' lang='lat'><em>⁴</em></span> 
     </span>
     <span class='ocr_line' id='line_1_28' title="bbox 121 2434 1027 2509; baseline -0.001 -18"><span class='ocrx_word' id='word_1_210' title='bbox 121 2453 222 2491; x_wconf 88' lang='lat' dir='ltr'><strong>secum</strong></span> <span class='ocrx_word' id='word_1_211' title='bbox 245 2444 381 2509; x_wconf 89' lang='lat' dir='ltr'><strong>reputans</strong></span> <span class='ocrx_word' id='word_1_212' title='bbox 396 2434 432 2492; x_wconf 92' lang='lat' dir='ltr'><strong>de</strong></span> <span class='ocrx_word' id='word_1_213' title='bbox 453 2434 639 2491; x_wconf 89' lang='lat' dir='ltr'><strong>immoderata</strong></span> <span class='ocrx_word' id='word_1_214' title='bbox 654 2434 760 2491; x_wconf 90' lang='lat' dir='ltr'><strong>civium</strong></span> <span class='ocrx_word' id='word_1_215' title='bbox 773 2453 888 2491; x_wconf 92' lang='lat' dir='ltr'><strong>suorum</strong></span> <span class='ocrx_word' id='word_1_216' title='bbox 907 2434 1027 2491; x_wconf 88' lang='lat' dir='ltr'><strong>licentia</strong></span> 
     </span>
     <span class='ocr_line' id='line_1_29' title="bbox 121 2512 1026 2588; baseline 0.001 -20"><span class='ocrx_word' id='word_1_217' title='bbox 121 2512 347 2586; x_wconf 87' lang='lat' dir='ltr'><strong>crudelitateque</strong></span> <span class='ocrx_word' id='word_1_218' title='bbox 368 2532 438 2588; x_wconf 88' lang='lat' dir='ltr'><strong>erga</strong></span> <span class='ocrx_word' id='word_1_219' title='bbox 460 2513 585 2583; x_wconf 87' lang='lat' dir='ltr'><strong>nobiles,</strong></span> <span class='ocrx_word' id='word_1_220' title='bbox 598 2513 783 2570; x_wconf 90' lang='lat' dir='ltr'><strong>utilissimum</strong></span> <span class='ocrx_word' id='word_1_221' title='bbox 805 2523 893 2582; x_wconf 89' lang='lat' dir='ltr'><strong>ratus,</strong></span> <span class='ocrx_word' id='word_1_222' title='bbox 916 2512 1026 2588; x_wconf 91' lang='lat' dir='ltr'><strong>impen-</strong></span> 
     </span>
     <span class='ocr_line' id='line_1_30' title="bbox 121 2591 1026 2666; baseline 0 -18"><span class='ocrx_word' id='word_1_223' title='bbox 121 2591 238 2648; x_wconf 86' lang='lat' dir='ltr'><strong>dentem</strong></span> <span class='ocrx_word' id='word_1_224' title='bbox 252 2591 360 2647; x_wconf 85' lang='lat' dir='ltr'><strong>evitare</strong></span> <span class='ocrx_word' id='word_1_225' title='bbox 381 2601 591 2666; x_wconf 87' lang='lat' dir='ltr'><strong>tempestatem,</strong></span> <span class='ocrx_word' id='word_1_226' title='bbox 606 2591 681 2649; x_wconf 91' lang='lat' dir='ltr'><strong>clam</strong></span> <span class='ocrx_word' id='word_1_227' title='bbox 701 2610 734 2648; x_wconf 92' lang='lat' dir='ltr'><strong>se</strong></span> <span class='ocrx_word' id='word_1_228' title='bbox 749 2611 766 2647; x_wconf 87' lang='lat' dir='ltr'><strong>a</strong></span> <span class='ocrx_word' id='word_1_229' title='bbox 780 2591 945 2648; x_wconf 91' lang='lat' dir='ltr'><strong>custodibus</strong></span> <span class='ocrx_word' id='word_1_230' title='bbox 960 2592 1026 2648; x_wconf 92' lang='lat' dir='ltr'><strong>sub·</strong></span> 
     </span>
     <span class='ocr_line' id='line_1_31' title="bbox 122 2668 1025 2749; baseline 0.002 -23"><span class='ocrx_word' id='word_1_231' title='bbox 122 2670 210 2739; x_wconf 82' lang='lat' dir='ltr'><strong>duxit,</strong></span> <span class='ocrx_word' id='word_1_232' title='bbox 233 2680 262 2726; x_wconf 89' lang='lat' dir='ltr'><strong>et</strong></span> <span class='ocrx_word' id='word_1_233' title='bbox 285 2668 352 2726; x_wconf 89' lang='lat' dir='ltr'><strong>inde</strong></span> <span class='ocrx_word' id='word_1_234' title='bbox 376 2669 499 2744; x_wconf 88' lang='lat' dir='ltr'><strong>primum</strong></span> <span class='ocrx_word' id='word_1_235' title='bbox 522 2669 649 2740; x_wconf 88' lang='lat' dir='ltr'><strong>Elidem,</strong></span> <span class='ocrx_word' id='word_1_236' title='bbox 673 2669 778 2726; x_wconf 88' lang='lat' dir='ltr'><strong>deinde</strong></span> <span class='ocrx_word' id='word_1_237' title='bbox 803 2670 922 2749; x_wconf 79' lang='lat' dir='ltr'><strong>Thebas</strong></span> <span class='ocrx_word' id='word_1_238' title='bbox 936 2669 1025 2728; x_wconf 87' lang='lat' dir='ltr'><strong>venit.</strong></span> 
     </span>
     <span class='ocr_line' id='line_1_32' title="bbox 122 2747 1064 2824; baseline -0.001 -18"><span class='ocrx_word' id='word_1_239' title='bbox 122 2748 279 2822; x_wconf 86' lang='lat' dir='ltr'><strong>Postquam</strong></span> <span class='ocrx_word' id='word_1_240' title='bbox 292 2758 386 2805; x_wconf 89' lang='lat' dir='ltr'><strong>autem</strong></span> <span class='ocrx_word' id='word_1_241' title='bbox 407 2767 440 2804; x_wconf 90' lang='lat' dir='ltr'><strong>se</strong></span> <span class='ocrx_word' id='word_1_242' title='bbox 455 2747 558 2824; x_wconf 87' lang='lat' dir='ltr'><strong>capitis</strong></span> <span class='ocrx_word' id='word_1_243' title='bbox 573 2748 744 2818; x_wconf 89' lang='lat' dir='ltr'><strong>damnatum,</strong></span> <span class='ocrx_word' id='word_1_244' title='bbox 757 2749 840 2806; x_wconf 92' lang='lat' dir='ltr'><strong>bonis</strong></span> <span class='ocrx_word' id='word_1_245' title='bbox 861 2749 1025 2824; x_wconf 89' lang='lat' dir='ltr'><strong>publicatis,</strong></span> <span class='ocrx_word' id='word_1_246' title='bbox 1046 2753 1064 2805; x_wconf 80' lang='lat'>⁵</span> 
     </span>
     <span class='ocr_line' id='line_1_33' title="bbox 122 2825 1026 2904; baseline -0.001 -20"><span class='ocrx_word' id='word_1_247' title='bbox 122 2827 239 2896; x_wconf 87' lang='lat' dir='ltr'><strong>audivit,</strong></span> <span class='ocrx_word' id='word_1_248' title='bbox 254 2836 292 2896; x_wconf 92' lang='lat' dir='ltr'><strong>et,</strong></span> <span class='ocrx_word' id='word_1_249' title='bbox 313 2825 344 2883; x_wconf 89' lang='lat' dir='ltr'><strong>id</strong></span> <span class='ocrx_word' id='word_1_250' title='bbox 366 2826 441 2900; x_wconf 91' lang='lat' dir='ltr'><strong>quod</strong></span> <span class='ocrx_word' id='word_1_251' title='bbox 464 2845 519 2884; x_wconf 91' lang='lat' dir='ltr'><strong>usu</strong></span> <span class='ocrx_word' id='word_1_252' title='bbox 532 2837 659 2897; x_wconf 90' lang='lat' dir='ltr'><strong>venerat,</strong></span> <span class='ocrx_word' id='word_1_253' title='bbox 682 2827 870 2904; x_wconf 81' lang='lat' dir='ltr'><strong>Eumolpidas</strong></span> <span class='ocrx_word' id='word_1_254' title='bbox 891 2827 1026 2884; x_wconf 89' lang='lat' dir='ltr'><strong>sacerdo-</strong></span> 
     </span>
     <span class='ocr_line' id='line_1_34' title="bbox 121 2903 1026 2982; baseline 0 -21"><span class='ocrx_word' id='word_1_255' title='bbox 121 2917 165 2963; x_wconf 90' lang='lat' dir='ltr'><strong>tes</strong></span> <span class='ocrx_word' id='word_1_256' title='bbox 180 2925 198 2962; x_wconf 87' lang='lat' dir='ltr'><strong>s</strong></span> <span class='ocrx_word' id='word_1_257' title='bbox 221 2905 328 2981; x_wconf 92' lang='lat' dir='ltr'><strong>populo</strong></span> <span class='ocrx_word' id='word_1_258' title='bbox 343 2915 470 2975; x_wconf 90' lang='lat' dir='ltr'><strong>coactos,</strong></span> <span class='ocrx_word' id='word_1_259' title='bbox 483 2903 527 2962; x_wconf 56' lang='lat' dir='ltr'><strong>ut&#39;</strong></span> <span class='ocrx_word' id='word_1_260' title='bbox 538 2924 571 2962; x_wconf 90' lang='lat' dir='ltr'><strong>se</strong></span> <span class='ocrx_word' id='word_1_261' title='bbox 592 2906 775 2976; x_wconf 83' lang='lat' dir='ltr'><strong>devoverent,</strong></span> <span class='ocrx_word' id='word_1_262' title='bbox 797 2907 915 2982; x_wconf 90' lang='lat' dir='ltr'><strong>ejusque</strong></span> <span class='ocrx_word' id='word_1_263' title='bbox 939 2904 1026 2961; x_wconf 87' lang='lat' dir='ltr'><strong>devo·</strong></span> 
     </span>
     <span class='ocr_line' id='line_1_35' title="bbox 122 2983 1026 3060; baseline 0 -20"><span class='ocrx_word' id='word_1_264' title='bbox 122 2984 218 3054; x_wconf 90' lang='lat' dir='ltr'><strong>tionis,</strong></span> <span class='ocrx_word' id='word_1_265' title='bbox 233 3002 290 3058; x_wconf 93' lang='lat' dir='ltr'><strong>quo</strong></span> <span class='ocrx_word' id='word_1_266' title='bbox 300 2983 431 3040; x_wconf 90' lang='lat' dir='ltr'><strong>testatior</strong></span> <span class='ocrx_word' id='word_1_267' title='bbox 452 2995 533 3041; x_wconf 91' lang='lat' dir='ltr'><strong>esset</strong></span> <span class='ocrx_word' id='word_1_268' title='bbox 553 2985 700 3053; x_wconf 91' lang='lat' dir='ltr'><strong>memoria,</strong></span> <span class='ocrx_word' id='word_1_269' title='bbox 715 2985 887 3060; x_wconf 87' lang='lat' dir='ltr'><strong>exemplum,</strong></span> <span class='ocrx_word' id='word_1_270' title='bbox 912 2983 943 3038; x_wconf 91' lang='lat' dir='ltr'><strong>in</strong></span> <span class='ocrx_word' id='word_1_271' title='bbox 965 2983 1026 3057; x_wconf 88' lang='lat' dir='ltr'><strong>pila</strong></span> 
     </span>
     <span class='ocr_line' id='line_1_36' title="bbox 122 3061 1026 3138; baseline 0 -19"><span class='ocrx_word' id='word_1_272' title='bbox 122 3061 379 3138; x_wconf 86' lang='lat' dir='ltr'><strong>lapideaincisum‚</strong></span> <span class='ocrx_word' id='word_1_273' title='bbox 391 3081 459 3120; x_wconf 91' lang='lat' dir='ltr'><strong>esse</strong></span> <span class='ocrx_word' id='word_1_274' title='bbox 467 3062 592 3137; x_wconf 90' lang='lat' dir='ltr'><strong>positum</strong></span> <span class='ocrx_word' id='word_1_275' title='bbox 606 3063 636 3120; x_wconf 92' lang='lat' dir='ltr'><strong>in</strong></span> <span class='ocrx_word' id='word_1_276' title='bbox 650 3063 776 3138; x_wconf 90' lang='lat' dir='ltr'><strong>publico,</strong></span> <span class='ocrx_word' id='word_1_277' title='bbox 786 3061 1026 3120; x_wconf 72' lang='lat' dir='ltr'><strong>Lacedaemonem</strong></span> 
     </span>
     <span class='ocr_line' id='line_1_37' title="bbox 121 3140 1064 3217; baseline 0.001 -19"><span class='ocrx_word' id='word_1_278' title='bbox 121 3140 302 3217; x_wconf 87' lang='lat' dir='ltr'><strong>demigravit.</strong></span> <span class='ocrx_word' id='word_1_279' title='bbox 344 3140 399 3210; x_wconf 92' lang='lat' dir='ltr'><strong>lbi,</strong></span> <span class='ocrx_word' id='word_1_280' title='bbox 422 3151 454 3198; x_wconf 92' lang='lat' dir='ltr'><strong>ut</strong></span> <span class='ocrx_word' id='word_1_281' title='bbox 476 3141 541 3217; x_wconf 89' lang='lat' dir='ltr'><strong>ipse</strong></span> <span class='ocrx_word' id='word_1_282' title='bbox 565 3141 722 3217; x_wconf 77' lang='lat' dir='ltr'><strong>predicare</strong></span> <span class='ocrx_word' id='word_1_283' title='bbox 745 3150 943 3212; x_wconf 89' lang='lat' dir='ltr'><strong>consueverat,</strong></span> <span class='ocrx_word' id='word_1_284' title='bbox 967 3159 1026 3199; x_wconf 91' lang='lat' dir='ltr'><strong>non</strong></span> <span class='ocrx_word' id='word_1_285' title='bbox 1046 3143 1064 3198; x_wconf 89' lang='grc'>6</span> 
     </span>
     <span class='ocr_line' id='line_1_38' title="bbox 122 3218 1026 3295; baseline 0.003 -19"><span class='ocrx_word' id='word_1_286' title='bbox 122 3219 260 3277; x_wconf 87' lang='lat' dir='ltr'><strong>adversus</strong></span> <span class='ocrx_word' id='word_1_287' title='bbox 274 3218 404 3294; x_wconf 87' lang='lat' dir='ltr'><strong>patriam,</strong></span> <span class='ocrx_word' id='word_1_288' title='bbox 419 3219 472 3277; x_wconf 93' lang='lat' dir='ltr'><strong>sed</strong></span> <span class='ocrx_word' id='word_1_289' title='bbox 485 3219 619 3277; x_wconf 89' lang='lat' dir='ltr'><strong>inimicos</strong></span> <span class='ocrx_word' id='word_1_290' title='bbox 634 3237 702 3276; x_wconf 90' lang='lat' dir='ltr'><strong>suos</strong></span> <span class='ocrx_word' id='word_1_291' title='bbox 717 3219 825 3276; x_wconf 90' lang='lat' dir='ltr'><strong>bellum</strong></span> <span class='ocrx_word' id='word_1_292' title='bbox 839 3219 941 3295; x_wconf 87' lang='lat' dir='ltr'><strong>gessit,</strong></span> <span class='ocrx_word' id='word_1_293' title='bbox 950 3220 1026 3295; x_wconf 92' lang='lat' dir='ltr'><strong>quod</strong></span> 
     </span>
    </p>
   </div>
   <div class='ocr_carea' id='block_1_3' title="bbox 122 3297 1063 3681">
    <p class='ocr_par' dir='ltr' id='par_1_4' title="bbox 122 3297 1063 3681">
     <span class='ocr_line' id='line_1_39' title="bbox 122 3297 1025 3375; baseline 0.002 -20"><span class='ocrx_word' id='word_1_294' title='bbox 122 3299 208 3356; x_wconf 88' lang='lat' dir='ltr'><strong>iidem</strong></span> <span class='ocrx_word' id='word_1_295' title='bbox 233 3297 335 3355; x_wconf 86' lang='lat' dir='ltr'><strong>hostes</strong></span> <span class='ocrx_word' id='word_1_296' title='bbox 350 3308 450 3354; x_wconf 88' lang='lat' dir='ltr'><strong>essent</strong></span> <span class='ocrx_word' id='word_1_297' title='bbox 464 3298 583 3355; x_wconf 91' lang='lat' dir='ltr'><strong>civitati.</strong></span> <span class='ocrx_word' id='word_1_298' title='bbox 624 3297 702 3355; x_wconf 92' lang='lat' dir='ltr'><strong>Nam</strong></span> <span class='ocrx_word' id='word_1_299' title='bbox 714 3316 800 3372; x_wconf 91' lang='lat' dir='ltr'><strong>quum</strong></span> <span class='ocrx_word' id='word_1_300' title='bbox 820 3298 1025 3375; x_wconf 90' lang='lat' dir='ltr'><strong>intelligerent,</strong></span> 
     </span>
     <span class='ocr_line' id='line_1_40' title="bbox 122 3376 1015 3454; baseline 0.001 -20"><span class='ocrx_word' id='word_1_301' title='bbox 122 3396 152 3435; x_wconf 89' lang='lat' dir='ltr'><strong>se</strong></span> <span class='ocrx_word' id='word_1_302' title='bbox 166 3377 323 3453; x_wconf 62' lang='lat' dir='ltr'><strong>prurimum</strong></span> <span class='ocrx_word' id='word_1_303' title='bbox 335 3376 477 3452; x_wconf 88' lang='lat' dir='ltr'><strong>prodesse</strong></span> <span class='ocrx_word' id='word_1_304' title='bbox 491 3394 579 3452; x_wconf 91' lang='lat' dir='ltr'><strong>posse</strong></span> <span class='ocrx_word' id='word_1_305' title='bbox 593 3376 770 3451; x_wconf 67' lang='lat' dir='ltr'><strong>reipublicae,</strong></span> <span class='ocrx_word' id='word_1_306' title='bbox 785 3395 823 3434; x_wconf 85' lang='lat' dir='ltr'><strong>ex</strong></span> <span class='ocrx_word' id='word_1_307' title='bbox 837 3396 873 3434; x_wconf 90' lang='lat' dir='ltr'><strong>ea</strong></span> <span class='ocrx_word' id='word_1_308' title='bbox 887 3377 1015 3454; x_wconf 88' lang='lat' dir='ltr'><strong>ejecisse</strong></span> 
     </span>
     <span class='ocr_line' id='line_1_41' title="bbox 137 3454 1024 3532; baseline -0.002 -18"><span class='ocrx_word' id='word_1_309' title='bbox 137 3456 241 3532; x_wconf 86' lang='lat' dir='ltr'><strong>Iusque</strong></span> <span class='ocrx_word' id='word_1_310' title='bbox 269 3455 319 3512; x_wconf 83' lang='lat' dir='ltr'><strong>irae</strong></span> <span class='ocrx_word' id='word_1_311' title='bbox 346 3473 415 3524; x_wconf 83' lang='lat' dir='ltr'><strong>suae,</strong></span> <span class='ocrx_word' id='word_1_312' title='bbox 441 3473 527 3530; x_wconf 89' lang='lat' dir='ltr'><strong>quam</strong></span> <span class='ocrx_word' id='word_1_313' title='bbox 555 3454 671 3512; x_wconf 89' lang='lat' dir='ltr'><strong>utilitati</strong></span> <span class='ocrx_word' id='word_1_314' title='bbox 706 3455 849 3512; x_wconf 91' lang='lat' dir='ltr'><strong>communi</strong></span> <span class='ocrx_word' id='word_1_315' title='bbox 881 3457 1024 3530; x_wconf 88' lang='lat' dir='ltr'><strong>paruisse.</strong></span> 
     </span>
     <span class='ocr_line' id='line_1_42' title="bbox 135 3532 1063 3611; baseline -0.004 -18"><span class='ocrx_word' id='word_1_316' title='bbox 135 3545 219 3611; x_wconf 82' lang='lat' dir='ltr'><strong>taque</strong></span> <span class='ocrx_word' id='word_1_317' title='bbox 233 3534 319 3611; x_wconf 88' lang='lat' dir='ltr'><strong>hujus</strong></span> <span class='ocrx_word' id='word_1_318' title='bbox 335 3533 459 3591; x_wconf 89' lang='lat' dir='ltr'><strong>consilio</strong></span> <span class='ocrx_word' id='word_1_319' title='bbox 475 3532 689 3590; x_wconf 86' lang='lat' dir='ltr'><strong>Lacedaemonii</strong></span> <span class='ocrx_word' id='word_1_320' title='bbox 703 3551 769 3590; x_wconf 91' lang='lat' dir='ltr'><strong>cum</strong></span> <span class='ocrx_word' id='word_1_321' title='bbox 787 3534 942 3592; x_wconf 83' lang='lat' dir='ltr'><strong>Persarum</strong></span> <span class='ocrx_word' id='word_1_322' title='bbox 954 3551 1024 3608; x_wconf 87' lang='lat' dir='ltr'><strong>rege</strong></span> <span class='ocrx_word' id='word_1_323' title='bbox 1045 3533 1063 3589; x_wconf 85' lang='grc'><strong>7</strong></span> 
     </span>
     <span class='ocr_line' id='line_1_43' title="bbox 124 3610 1025 3681; baseline -0.007 -8"><span class='ocrx_word' id='word_1_324' title='bbox 124 3613 277 3674; x_wconf 77' lang='lat' dir='ltr'><strong>amicitiam</strong></span> <span class='ocrx_word' id='word_1_325' title='bbox 290 3612 440 3681; x_wconf 85' lang='lat' dir='ltr'><strong>fecerunt;</strong></span> <span class='ocrx_word' id='word_1_326' title='bbox 462 3610 568 3670; x_wconf 89' lang='lat' dir='ltr'><strong>deinde</strong></span> <span class='ocrx_word' id='word_1_327' title='bbox 590 3611 750 3670; x_wconf 71' lang='lat' dir='ltr'><strong>Deceleam</strong></span> <span class='ocrx_word' id='word_1_328' title='bbox 762 3611 793 3670; x_wconf 88' lang='lat' dir='ltr'><strong>in</strong></span> <span class='ocrx_word' id='word_1_329' title='bbox 806 3611 904 3668; x_wconf 86' lang='lat' dir='ltr'><strong>Attica</strong></span> <span class='ocrx_word' id='word_1_330' title='bbox 915 3610 1025 3668; x_wconf 89' lang='lat' dir='ltr'><strong>munie-</strong></span> 
     </span>
    </p>
   </div>
   <div class='ocr_carea' id='block_1_4' title="bbox 0 0 1195 4036">
    <p class='ocr_par' dir='ltr' id='par_1_5' title="bbox 0 0 1195 4036">
     <span class='ocr_line' id='line_1_44' title="bbox 0 0 1195 4036; baseline 0 0"><span class='ocrx_word' id='word_1_331' title='bbox 0 0 1195 4036; x_wconf 95' lang='lat' dir='ltr'><strong> </strong></span> 
     </span>
    </p>
   </div>
  </div>
 </body>
</html>
