2378 4036
157 230 200 292 88
483 224 541 290 IX.
587 226 733 307 (Genea)

120 378 129 432 ἰ
193 373 251 433 ΙΙΙ.
293 373 360 431 Hoc
369 372 483 448 dejecto
493 372 654 431 Pausanias
668 372 748 430 venit
761 369 867 430 Atticis
881 369 1058 442 auxiliare!

92 467 100 480 ·
155 451 448 514 Lacedremeuiorum.
489 451 520 508 Is
545 451 620 508 inter
640 449 855 525 Thrasybulum
875 458 906 506 et
929 467 992 519 eos,
1011 449 1060 525 qui

154 531 254 588 urbem
266 530 411 599 tenebant,
429 529 501 586 fecit
513 548 618 604 pacem
639 527 688 586 his
703 527 931 586 conditionibus:
953 547 993 586 ne
1012 528 1060 604 qui

153 618 256 685 praeter
276 608 399 698 triginta
406 618 543 683 tyrannos
558 618 588 665 et
609 607 722 676 decem,
736 607 785 681 qui
805 616 909 681 postea
922 617 1059 682 praetores

154 687 245 744 creati
259 685 417 762 superioris
430 704 510 743 mere
525 686 703 743 crudelitatis
718 695 799 742 erant
811 684 867 754 usi,
879 685 1060 743 afficerentur

154 764 277 834 exsili0;
297 784 372 822 neve
386 766 461 822 bona
471 765 701 840 pubhcarentur
722 762 888 839 rerpubhcae
897 764 1060 838 procuratio

114 848 132 901 2
153 844 259 920 populo
272 843 448 901 redderetur.
491 843 665 900 Praeclarum
677 842 734 899 hoc
747 860 858 916 quoque
873 841 1059 933 Thrasybuli,

184 953 221 993 403
272 922 356 996 quod,
369 920 557 979 reconciliata
577 941 660 997 pace,
674 939 759 995 quum
772 908 963 1009 plurimum
944 937 977 979 ιιι
990 921 1060 979 civi·

153 1013 167 1042 ²
186 1003 211 1058 0·
224 1014 245 1042 ¹¹·
272 1012 329 1058 tate
352 1010 462 1076 posset,
478 1001 575 1075 legem
597 1000 677 1057 tulit.
710 1018 748 1056 ne
772 999 836 1073 quis
851 1008 917 1055 ante
932 1009 1060 1058 actarum

152 1098 247 1137 rerum
270 1090 463 1149 accusaretur,
477 1097 552 1136 neve
576 1079 758 1147 multaretur3
785 1096 904 1151 eamque
928 1077 974 1135 illi
988 1078 1059 1136 obli·

114 1161 132 1215 3
153 1159 247 1216 rionis
262 1159 449 1234 appellarunt.
491 1157 595 1231 Neque
610 1175 678 1214 vero
699 1155 774 1214 hanc
788 1166 896 1213 tantum
910 1155 1059 1215 ferendam

154 1238 272 1307 curavit,
287 1237 340 1294 sed
361 1237 456 1305 etiam,
471 1246 501 1293 ut
520 1237 638 1305 valeret,
660 1235 768 1292 effecit.
809 1235 886 1292 Nam
899 1253 987 1309 quum
999 1235 1059 1310 qui·

153 1315 220 1372 dam
234 1334 271 1372 ex
284 1315 341 1385 his,
355 1314 403 1389 qui
419 1314 504 1371 simul
520 1333 586 1372 cum
600 1333 636 1371 eu
649 1315 680 1371 iu
694 1314 799 1371 exsilio
813 1314 933 1383 fuerant,
949 1315 1059 1372 caedem

153 1393 250 1451 lacere
265 1413 364 1451 eorum
373 1394 492 1463 vellent,
502 1412 567 1450 cum
580 1393 681 1467 quibus
696 1393 727 1450 in
738 1393 859 1469 gratiam
866 1392 991 1450 reditum
999 1404 1060 1451 erat

152 1473 277 1549 publice,
291 1472 443 1548 prohibuit,
458 1482 487 1528 et
500 1472 540 1542 id,
554 1472 629 1546 quod
643 1471 789 1547 pollicitus
804 1481 873 1541 erat,
887 1472 1029 1546 praestitit.

7 1546 12 1554 ¹
117 1557 129 1610 l
194 1551 247 1609 IV.
289 1551 367 1608 Huic
382 1568 433 1627 pro
448 1551 534 1608 tantis
548 1551 658 1608 meritis
673 1550 790 1608 honeris
805 1551 1059 1626 eoronaapopulu

153 1631 219 1690 date
240 1640 294 1702 est,
315 1630 391 1689 facta
412 1629 522 1689 duabus
549 1629 669 1707 virgulis
687 1629 847 1707 'olcaginia
874 1647 960 1705 quam
983 1630 1059 1706 quod

154 1709 1057 1787 emorcivium‚nonvisexpresserat,nullamhabuitinvidiam,

113 1795 132 1849 2
153 1809 312 1867 magnaque
337 1790 390 1848 suit
413 1790 514 1866 gloria.
568 1789 651 1846 Bene
676 1808 746 1865 ergo
770 1789 900 1846 Pittacus
924 1788 986 1859 ille,
1010 1789 1058 1864 qui

153 1880 266 1946 septem
279 1870 441 1946 sapientum
453 1887 572 1926 numere
586 1878 632 1925 est
653 1867 777 1938 habitus,
790 1887 876 1942 quum
890 1867 920 1924 ei
940 1868 1059 1943 Mytile·
1108 1933 1113 1940 ‚

153 1949 209 2006 naei
230 1949 319 2006 multa
342 1949 422 2006 milia
443 1949 577 2024 jugerum
598 1947 659 2022 agri
682 1966 801 2004 munem
822 1947 931 2017 darent,
952 1947 1057 2017 Nolite,

153 2047 200 2084 ere
213 2047 271 2096 ves,
284 2027 385 2101 inquit,
399 2026 430 2083 id
442 2027 509 2082 mili
522 2026 597 2095 dare,
611 2026 683 2100 quod
701 2026 782 2082 multi
801 2026 951 2096 invideant,
961 2025 1059 2103 plures

153 2107 236 2162 etiem
257 2107 458 2180 concupiscent.
503 2104 595 2169 Quare
616 2124 648 2160 eu
670 2106 735 2162 istis
754 2105 816 2162 nolo
836 2104 1059 2182 amplissume

153 2192 260 2239 eentum
276 2182 390 2257 jugera,
403 2201 461 2256 que
476 2192 502 2238 et
526 2202 613 2238 meum
625 2184 712 2240 enimi
724 2185 878 2259 equitatem
898 2193 926 2240 et
938 2193 1058 2241 vestram

153 2260 320 2318 veluntatem
341 2260 470 2335 iudicent.
512 2260 590 2318 Nam
603 2279 691 2335 parva
703 2280 823 2319 munera
846 2261 965 2333 diutius,
978 2262 1057 2320 locu·

116 2344 132 2398 3
153 2337 243 2415 pletia
254 2355 313 2395 nen
325 2337 441 2415 propria
456 2357 522 2395 esse
533 2351 753 2397 consueverunt.
783 2341 839 2398 Illa
851 2341 938 2416 igitur
952 2359 1058 2398 corona

154 2425 305 2474 contentus
326 2416 525 2492 Thrasybulus
539 2436 633 2492 neque
649 2418 771 2508 arnplius
785 2419 943 2508 requisivit,
963 2437 1057 2494 neque

116 2500 322 2571 lquemquem
345 2495 454 2553 honere
480 2515 513 2554 se
536 2497 734 2554 antecessisse
759 2497 945 2555 existimavit.
998 2497 1057 2556 Hic

153 2574 286 2648 sequenti
310 2583 448 2650 tempere,
469 2594 555 2649 quum
580 2584 684 2651 praetor
708 2577 835 2633 classem
859 2576 896 2632 ad
921 2576 1058 2634 Ciliciam

153 2650 322 2730 appulisset,
332 2672 426 2728 neque
441 2654 512 2711 satis
527 2653 704 2730 diligenter
695 2673 726 2712 ιιι
740 2654 844 2711 castris
859 2655 923 2731 ejus
938 2672 1058 2730 ageren-

176 2761 216 2804 ,ῃ
271 2741 317 2790 tur
328 2731 445 2809 vigiliae,
460 2751 478 2789 a
489 2733 628 2802 barbana
639 2751 677 2790 ex
687 2733 794 2809 oppido
807 2742 895 2791 noctu
908 2732 1058 2810 eruptione

152 2822 174 2856 ⁸·
184 2811 211 2855 0·
222 2821 245 2855 ²
271 2809 379 2883 iacta,
370 2829 402 2869 ιιι
413 2812 599 2870 tabernaculo
612 2776 781 2870 ihterseetus
795 2821 850 2869 est.

414 3152 843 3258 1x.cou0u¹

450 3387 761 3448 ARGUMENTUM.

156 3517 253 3581 GAP
275 3517 302 3578 Ι.
343 3517 545 3609 Peloponnesio
559 3520 627 3577 bello
641 3519 706 3578 bene
719 3517 1058 3600 mereturderepbl.11

196 3599 288 3659 Esau
308 3597 412 3656 Persis
424 3598 490 3654 esui
510 3607 553 3654 est
572 3598 707 3654 aduersus
721 3597 953 3658 uaeramus.
999 3596 1051 3661 ΙΙΙ
