2378 4036
314 233 389 302 xv.
434 240 463 310 r,
481 240 512 299 a
557 153 839 321 (marmus.)
987 235 1030 303 aa

124 387 257 458 admisso,
271 407 363 464 quum
384 389 478 465 patria
497 398 594 447 essent
613 388 737 466 expulsi,
758 397 888 466 receptos
911 406 975 447 asse
995 388 1032 447 ab

124 466 363 526 Atheniensibus.
418 466 477 526 Sed
504 467 630 526 maxime
657 468 723 544 ejus
748 467 914 543 eloquentia
940 467 1069 528 eluxiti

122 545 243 623 Spartae,
258 545 347 622 legati
371 555 437 603 ante
461 564 590 622 pugnam
614 545 811 605 Leuctricam.
852 546 920 612 Quo
940 564 1032 623 quum

122 625 252 682 omnium
266 625 410 682 sociorum
423 625 624 683 convenissent
637 625 735 702 legati,
749 643 847 683 coram
861 623 1030 701 frequentis·

122 704 195 761 mmo
208 703 386 780 legationum
399 712 543 762 conventu
560 704 614 781 sie
626 703 914 763 Lacedaemoniorum
933 712 1030 779 tyran·

123 782 219 839 nidem
234 783 376 859 coarguit,
396 790 428 861 ut
446 801 504 839 non
518 783 615 840 minus
634 783 687 841 illa
701 782 829 841 oratione
849 801 917 859 opes
930 800 1031 840 eorum

123 861 312 949 concusserit,
331 854 603 936 quam'Leuctrica
617 880 725 938 pugna.
768 861 847 919 Tum
868 862 946 919 enim
967 879 1028 937 per-

124 924 292 1016 fecisqucd
317 949 378 1016 post
399 941 542 1017 apparuit,
558 949 590 998 ut
613 941 722 998 auxilio
736 941 879 998 sociorum
891 937 1029 998 Laceda-

124 1019 210 1075 monii
224 1019 418 1095 privarentur.

162 1096 230 1155 Vll.
254 1094 358 1156 Fuisse
378 1099 532 1174 patientem
553 1116 729 1174 suorumque
747 1098 869 1174 injurias
890 1096 1029 1155 serentem
1052 1100 1066 1153 l

123 1175 242 1246 civium,
257 1176 334 1252 quod
354 1196 386 1235 se
407 1178 509 1254 patriae
529 1177 618 1234 irasci
639 1176 721 1235 nefas
741 1197 805 1235 esse
823 1177 951 1247 duceret,
967 1175 1030 1233 haec

123 1263 190 1312 sunt
214 1256 385 1313 testimonia.
436 1255 539 1321 Quum
562 1274 630 1312 eum
651 1266 766 1333 pmpter
787 1256 925 1314 invidiam
950 1255 1031 1313 cives

124 1334 272 1408 preficere
296 1334 439 1392 exercitui
463 1335 631 1404 noluissent,
657 1335 773 1412 duxque
798 1345 873 1394 esset
900 1335 1031 1392 delectus

124 1412 191 1469 belli
206 1413 365 1489 imperitus,
381 1414 466 1489 cujus
480 1432 578 1472 errore
592 1433 626 1473 ac
640 1424 715 1472 esset
735 1414 859 1472 deducta
874 1432 920 1471 res
941 1411 1028 1490 [mili.
1110 1433 1122 1487 J

123 1491 208 1568 tum]‚
224 1502 256 1569 ut
276 1510 376 1551 omnes
390 1492 426 1550 de
440 1493 534 1551 salute
553 1493 797 1573 pertimescerent,
812 1492 887 1569 quod
901 1493 1030 1550 locorum
1062 1490 1113 1569 ”fil

124 1569 265 1646 angustiis
290 1570 384 1628 clausi
408 1572 444 1629 ab
469 1568 840 1629 hostibusubsldeb'antur:
871 1570 1028 1629 desiderari

124 1658 219 1724 eoepta
239 1659 283 1706 est
303 1649 510 1725 Epaminondae
532 1649 691 1726 diligentia.
733 1650 806 1707 Erat
827 1651 905 1708 enim
919 1651 958 1707 ibi
973 1651 1029 1726 pri·

124 1737 209 1785 vatus
232 1746 354 1786 numero
379 1729 487 1786 militis.
543 1729 571 1786 A
597 1748 654 1804 quo
675 1747 767 1803 quum
789 1737 922 1804 peterent·
937 1734 1069 1804 spemn

123 1805 235 1862 nullam
257 1807 387 1865 adhibuit
411 1809 578 1865 memoriam
600 1806 791 1876 contumeliae,
806 1817 835 1864 et
859 1807 1029 1878 exereitum,

123 1883 267 1942 obsidione
281 1886 443 1956 liberatum,
458 1885 575 1944 domum
584 1885 698 1944 reduxit
709 1885 894 1942 incolumem.
924 1884 1030 1961 Neque
1050 1889 1068 1943 3

124 1981 193 2021 vero
212 1963 267 2022 hcc
280 1965 371 2022 semel
392 1964 470 2034 fecit,
492 1965 542 2022 sed
563 1966 678 2041 saepius.
721 1963 849 2020 Maxime
865 1971 961 2020 autem
977 1963 1031 2023 suit

124 2040 244 2113 illustre,
259 2061 349 2119 quum
371 2044 402 2101 in
420 2043 648 2120 Peloponnesum
662 2044 823 2101 exercitum
838 2041 967 2115 duxisset
981 2043 1029 2101 ad·

123 2138 225 2179 versus
239 2120 484 2192 Lacedaemonics',
493 2123 670 2198 haberetque
679 2122 807 2198 collegas
817 2121 897 2190 duos,
906 2140 1030 2197 quorum

124 2199 196 2258 alter
216 2210 279 2259 erat
293 2200 452 2278 Pelopidas,
467 2201 512 2259 vir
526 2200 605 2259 fortis
620 2220 655 2258 ac
669 2211 815 2258 strenuus.
857 2199 917 2260 Hic
936 2220 1028 2278 quum

122 2279 294 2338 criminibus
314 2279 545 2338 adversariorum
559 2299 659 2338 omnes
679 2281 709 2337 in
723 2279 861 2337 invidiam
875 2281 1030 2352 venissent,

122 2358 158 2415 ob
171 2377 296 2434 eamque
310 2376 372 2417 rem
386 2359 540 2435 imperium
555 2359 599 2416 his
613 2368 689 2418 asset
703 2359 883 2436 abmgatum,
898 2368 984 2436 atque
998 2361 1029 2418 in

122 2455 223 2495 eorum
237 2436 334 2496 locum
349 2437 400 2496 alii
420 2447 556 2514 praetores
569 2439 793 2496 successissent:
814 2437 1030 2514 Epaminondas
1050 2441 1068 2496 1

122 2515 294 2592 populiscito
312 2534 370 2575 uon
392 2517 496 2592 paruit,
521 2516 656 2593 idemque
677 2527 709 2574 ut
730 2515 868 2586 facerent,
888 2516 1030 2592 persuasit

122 2594 253 2672 collegis,
274 2603 303 2652 et
325 2595 445 2665 bellum,
458 2595 535 2672 quod
555 2600 732 2672 susceperat,
752 2594 851 2672 gessit.
893 2594 1030 2673 Namque

122 2671 378 2743 animadvertebat,
393 2675 449 2732 nisi
463 2674 492 2732 id
507 2673 631 2744 fecisset,
641 2683 731 2732 totum
742 2675 904 2731 exercitum
916 2684 1030 2751 propter

122 2760 277 2826 pratorum
290 2752 513 2829 imprudentiam
524 2753 763 2830 inscientiamque
777 2752 845 2811 belli
856 2753 1027 2828 periturum.

122 2827 187 2887 Lex
201 2841 264 2889 erat
278 2829 397 2901 Thebis,
412 2850 478 2908 qum
488 2843 578 2890 morte
592 2832 742 2902 multabat,
757 2832 862 2907 siquis
875 2830 1029 2907 imperium
1049 2833 1068 2887 5

121 2907 231 2966 diutius
251 2910 423 2981 retinuisset,
438 2928 526 2987 quam
546 2911 611 2989 lege
631 2911 804 2989 praefinitum
819 2908 900 2966 soret.
943 2907 1030 2966 Hanc

122 2984 338 3062 Epaminondas
347 3007 438 3064 quum
450 2989 617 3066 reipublicae
624 2988 830 3048 conservandae
840 3004 931 3044 causa
939 2985 1029 3044 latam

122 3064 242 3136 videret,
257 3065 293 3124 ad
315 3069 472 3142 perniciem
489 3069 615 3126 civitatis
628 3067 760 3126 conferre
774 3063 867 3124 noluit
876 3082 885 3136 3
908 3073 937 3122 et
957 3082 1028 3141 qua·

122 3153 187 3234 tuor
210 3145 358 3203 mansibus
382 3146 499 3217 diutius,
524 3165 613 3224 quam
637 3145 761 3224 populus
780 3143 916 3219 jusserat,
940 3145 1030 3222 gessit

122 3240 160 3280 uu
199 3241 285 3282 rrum.

190 3300 244 3362 111.
275 3303 431 3381 Postquam
454 3303 572 3362 domum
597 3303 721 3362 reditum
744 3311 796 3373 est,
820 3301 941 3382 collegae
964 3303 1062 3381 ejus]

123 3378 176 3440 hcc
200 3382 324 3441 crimine
349 3383 572 3442 accusabantur.
624 3382 741 3449 Quibus
763 3381 814 3440 ille
836 3383 974 3459 permisit,
997 3390 1030 3440 ut

121 3477 236 3518 omnem
249 3480 371 3520 causam
384 3462 415 3519 in
428 3480 460 3519 se
473 3462 672 3531 transferrent,
687 3479 798 3538 suaque
811 3479 900 3537 opera
919 3460 1029 3518 factum

120 3539 335 3611 contenderent,
360 3551 393 3598 nt
416 3540 475 3617 legi
499 3558 556 3598 non
576 3539 733 3598 obedirent.
775 3539 844 3605 Qua
864 3537 1030 3596 defensione

120 3615 180 3676 illis
194 3618 324 3693 periculo
336 3618 475 3687 liberatis,
484 3636 569 3676 nemo
583 3617 813 3694 Epaminondam
824 3629 1029 3690 responsurum
