2378 4036
411 259 452 324 Χ.
497 268 527 338 3,
542 270 573 326 4.
617 265 741 344 (Dion.)
984 270 1028 330 ta

121 408 222 486 quide
236 408 389 484 partiendo
402 426 508 483 regn03
529 409 605 483 quod
624 410 732 468 sororis
752 429 812 468 suet
832 411 909 469 filios
923 429 962 469 ex
974 411 1026 469 illo

120 498 204 546 natos
218 496 330 564 partem
348 486 431 562 regni
449 488 566 561 putabat
585 488 692 546 debere
712 488 830 546 habere.
872 489 907 547 Id
919 490 1027 548 medici
1047 495 1065 548 b

121 585 180 624 non
192 576 354 635 tacuerunt,
365 576 395 622 et
409 564 445 621 ad
459 565 632 641 Dionysium
645 567 736 624 filium
749 586 912 625 sermonem
921 569 1027 626 retule-

121 655 195 703 runt.
238 645 305 719 Quo
318 645 369 701 ille
385 654 551 714 commotus,
564 662 603 701 ne
618 645 723 720 agendi
737 657 818 703 esset
828 647 917 703 Dioni
930 657 1026 722 potes·

120 734 175 794 tas,
198 723 275 797 patri
299 740 433 798 soporem
458 722 588 779 medicos
616 723 685 780 dar'e
710 725 813 800 coegit.
854 725 922 782 Hoc
949 743 1027 800 aeger

121 813 224 871 sumto,
238 811 270 858 ut
283 819 385 857 somno
399 800 519 875 sopitus,
533 800 612 858 diem
624 800 696 858 obiit
709 821 882 876 supremum.

161 881 219 938 ΙΙΙ.
250 879 326 936 Tale
341 879 453 936 initium
466 877 520 935 fuit
540 879 645 936 Dionis
663 889 692 936 et
713 880 848 956 Dionysii
862 881 1025 952 simultatis,
1048 887 1060 940 l

121 977 213 1033 eaque
227 959 325 1015 multis
345 959 431 1014 rebus
452 967 536 1014 aucta
557 968 611 1014 est.
653 959 714 1015 Sed
731 969 828 1016 tamen
841 959 940 1047 primis
953 970 1025 1018 tern-

121 1037 239 1113 poribus
253 1035 429 1110 aliquamdiu
448 1036 582 1092 simulata
601 1036 676 1093 inter
696 1055 747 1094 eos
768 1039 896 1094 amicitia
908 1039 1023 1095 mansit.

122 1115 276 1189 Quumque
291 1115 370 1172 Dion
382 1132 441 1171 non
460 1113 616 1171 desisteret
628 1116 782 1173 obsecrare
798 1115 981 1190 Dionysium,
994 1127 1026 1173 nt

122 1195 275 1252 Platonem
288 1192 412 1250 Athenis
427 1204 600 1262 arcesseret,
614 1203 644 1250 et
657 1194 720 1269 ejus
735 1193 866 1251 consiliis
880 1203 1023 1266 uteretur;

120 1273 181 1342 ille,
195 1272 245 1346 qui
265 1272 297 1329 in
315 1271 414 1346 aliqua
432 1271 567 1328 revellet
586 1281 696 1347 patrem
715 1273 829 1343 imitari,
843 1291 953 1330 morem
968 1272 1022 1350 [ei]

121 1351 222 1426 gessit.
255 1349 425 1424 Eodemque
435 1359 563 1425 tempore
574 1350 737 1420 Philistum,
748 1351 929 1422 historicum,
935 1351 1024 1426 Syra·
1043 1356 1061 1409 2

122 1448 207 1487 cusas
229 1428 353 1498 reduxit,
377 1427 523 1485 hominem
547 1429 671 1486 amicum
692 1448 751 1487 non
776 1431 870 1505 magis
892 1440 1024 1505 tyranno,

121 1526 204 1583 quarn
217 1507 375 1583 tyrannidi.
416 1507 478 1564 Sed
497 1507 534 1564 de
555 1506 611 1564 hoc
633 1508 665 1564 in
685 1526 721 1565 eo
743 1509 833 1586 [meo]
855 1508 928 1566 libro
941 1509 1024 1584 plura

121 1597 186 1643 sunt
199 1586 342 1662 exposita,
351 1584 399 1659 qui
412 1584 449 1642 de
463 1584 609 1642 historicis
625 1585 765 1664 [Graecis]
776 1587 957 1662 conscriptus
968 1596 1023 1644 est.

123 1665 205 1722 Plato
224 1675 321 1721 autem
333 1673 442 1721 tantum
461 1663 537 1741 apud
552 1664 725 1739 Dionysium
741 1665 909 1722 auctoritate
923 1665 1022 1740 potuit,
1044 1669 1062 1722 3

121 1744 268 1818 valuitque
289 1742 462 1817 eloquentia,
475 1752 506 1799 ut
520 1743 548 1799 ei
561 1743 739 1817 persuaserit
751 1743 912 1817 tyrannidis
925 1743 1023 1799 facere

121 1822 218 1891 finem,
232 1822 449 1894 libertatemque
463 1821 584 1878 reddere
598 1821 809 1895 Syracusanis:
826 1839 844 1876 a
856 1839 913 1893 qua
925 1820 1024 1877 volun·

121 1910 177 1957 tate
192 1900 312 1958 Philisti
326 1900 449 1956 consilio
470 1898 622 1956 deterritus
640 1897 784 1972 aliquanto
799 1897 942 1955 cmdelior
956 1916 1023 1955 esse

122 1997 165 2036 coe
186 1990 219 2035 1t.

159 1998 215 2115 lpV.
246 2056 547 2149 Qquum
561 2075 578 2112 a
592 2056 688 2113 Dione
709 2073 743 2113 se
765 2054 895 2132 superari
913 2053 1024 2112 videret
1046 2059 1059 2113 l

121 2134 248 2212 ingenio,
264 2134 440 2204 auctoritate,
455 2153 551 2192 amore
566 2134 674 2210 populi,
687 2153 802 2204 verens,
815 2153 863 2204 ne,
877 2133 904 2191 si
952 2157 990 2199 350

121 2233 187 2272 eum
214 2231 316 2271 secum
341 2213 470 2282 haberet,
498 2214 623 2288 aliquam
645 2213 832 2271 occasionem
858 2213 904 2270 sui
928 2218 949 2248 a
962 2210 986 2250 ⁰·
999 2219 1021 2250 ¹¹·

121 2292 201 2350 daret
225 2291 415 2367 opprimendi,
435 2310 540 2348 navem
564 2292 593 2348 ei
616 2292 761 2348 triremem
781 2292 869 2362 dedit,
889 2310 946 2366 qna
966 2292 1023 2350 Co·

121 2370 247 2428 rinthum
261 2369 468 2427 deveheretur:
491 2370 658 2440 ostendens,
673 2389 707 2427 se
722 2371 752 2428 id
766 2371 910 2445 utriusque
925 2369 1022 2427 facere

121 2468 220 2519 causa,
230 2467 278 2518 ne,
289 2466 376 2523 quum
389 2449 464 2506 inter
477 2467 510 2506 se
523 2449 665 2518 timerent,
676 2449 812 2511 alteruter
822 2450 942 2506 alterum
951 2467 1023 2524 prae·

121 2536 287 2603 occuparet.
327 2526 362 2584 Id
375 2546 461 2601 quum
480 2526 586 2584 facturn
605 2526 687 2584 multi
707 2527 931 2602 indignarentur,
944 2530 1060 2603 mag-2

120 2625 220 2681 naeque
244 2615 325 2662 esset
347 2604 462 2662 invidia
486 2615 626 2681 tyranno,
648 2604 808 2681 Dionysius
836 2606 1022 2680 omniaque

121 2684 230 2742 moveri
252 2693 384 2759 poterant
403 2683 518 2753 Dionis,
532 2684 563 2741 in
581 2683 665 2740 naris
684 2684 829 2760 imposuit,
843 2685 880 2741 ad
900 2702 1022 2758 eumque
1048 2690 1054 2703 '

121 2763 208 2820 misit.
251 2762 303 2820 Sic
328 2763 407 2819 enim
430 2762 588 2820 existimari
610 2763 743 2832 volebat;
764 2762 795 2820 id
816 2781 849 2820 se
873 2781 932 2820 non
954 2761 1022 2820 odio

122 2839 256 2911 hominis,
277 2840 332 2898 sed
352 2859 411 2898 suae
433 2841 534 2898 salutis
555 2841 663 2898 iecisse
685 2860 783 2899 causa.
824 2841 932 2899 Postea
951 2857 1022 2896 vero
1043 2842 1060 2896 3

122 2938 206 2994 quarn
226 2918 343 2988 audivit,
363 2937 429 2976 enm
448 2919 479 2976 in
499 2919 702 2995 Peloponneso
722 2937 837 2976 manum
857 2935 1022 2992 comparare

123 2998 233 3072 sibique
249 2998 357 3055 bellum
377 2997 475 3055 facere
497 2998 612 3056 conari:
635 2999 754 3066 Areten,
769 2996 876 3054 Dionis
894 3012 1022 3064 uxorem,

123 3076 171 3134 alii
189 3086 310 3152 nuptum
328 3075 416 3146 dedit,
430 3075 575 3151 filiumque
593 3077 656 3153 ejus
677 3076 722 3132 sic
744 3073 861 3131 educari
877 3071 974 3149 jussit,
992 3083 1023 3131 ut

124 3154 297 3231 indulgendo
310 3154 484 3230 turpissimis
505 3155 679 3211 imbueretur
693 3151 905 3227 cupiditatibus.
945 3152 1023 3211 Nam
1043 3160 1060 3211 ⁴

125 3239 219 3308 puero,
241 3233 409 3309 priusquam
435 3231 527 3308 pubes
551 3242 639 3301 esset,
667 3240 763 3288 scorta
790 3229 1020 3302 adducebantur;

126 3311 186 3370 rino
208 3312 360 3388 epulisque
381 3312 559 3381 obruebatur,
574 3329 668 3384 neque
688 3309 778 3366 ullum
797 3322 909 3386 tempus
926 3311 1022 3368 sobrio

126 3391 342 3467 relinquebatur.
383 3390 414 3448 Is
434 3408 526 3464 usque
549 3407 584 3446 eo
606 3389 672 3446 vira
696 3397 799 3445 statum
823 3398 1023 3446 commutatum
1042 3392 1059 3444 5

126 3466 268 3532 ierre'non
280 3468 381 3544 potuit,
394 3478 544 3542 postquam
556 3467 587 3524 in
600 3467 720 3543 patriam
733 3466 819 3524 rediit
836 3476 918 3541 pater
932 3468 1022 3542 (nam
1117 3483 1118 3488 ¹

128 3562 176 3622 quo
199 3547 326 3626 appositi
348 3555 429 3604 erant
451 3545 596 3616 custodes,
609 3545 658 3622 qui
681 3563 748 3602 eum
767 3564 785 3602 a
803 3543 924 3622 pristino
944 3542 1023 3598 rictu
