2378 4036
372 261 441 338 lv.
477 269 508 327 3.
554 264 773 344 (Pausanias.)
814 248 821 266 Ι
990 269 1032 328 28

119 411 227 487 quibus
237 410 301 468 hac
312 409 404 468 fuisse
416 410 524 487 scripta
534 411 727 486 Thucydides
733 428 879 470 mamona
886 409 1029 488 prodidit:

123 490 299 560 Pausanias,
314 490 371 547 dua
387 490 507 568 Sparta,
521 511 590 566 quos
602 490 743 569 Byzantii
756 502 873 568 ceperat,
882 502 1031 569 postquam
1051 493 1069 549 ³

118 571 290 648 propinquas
310 580 373 627 tuos
393 572 529 646 comit,
544 570 596 628 tibi
616 571 723 628 muneri
741 572 828 640 misit,
848 590 929 647 seque
943 581 1031 628 tecum

120 650 257 727 affinitate
279 650 411 726 conjungi
430 650 525 726 cupit:
549 669 642 724 quara,
663 651 691 707 si
714 649 765 707 tibi
790 650 908 719 videtur,
933 650 982 707 das
1005 649 1031 706 ci

121 727 219 808 filiam
232 738 312 784 roam
322 739 446 805 nuptam.
479 726 516 784 Id
528 730 555 784 si
558 726 675 805 fetens,
688 739 718 786 at
731 728 864 805 Spartam
877 739 1030 786 straturam
1050 732 1068 785 ⁴

125 807 264 864 Gratiam
274 807 326 864 sub
340 817 416 864 tuam
424 817 599 883 patestatem,
607 827 638 864 sc
648 808 805 882 adjuvante,
817 818 843 865 te
856 808 1031 865 redactumm

122 886 274 966 pollicetar.
316 885 377 943 His
397 886 431 943 da
454 885 537 943 rubris
557 888 584 944 si
607 882 674 962 quid
693 888 758 963 geri
778 887 907 957 volueris,
928 896 1030 944 eertum

122 965 256 1021 hominem
269 965 307 1021 od
324 985 385 1022 eum
397 966 496 1022 mittas
498 963 577 1041 face,
591 985 651 1022 aum
664 985 717 1041 quo
735 965 913 1041 colloprratur.
953 964 1030 1034 Rex,
1051 967 1069 1020 5

122 1053 163 1100 tot
176 1043 324 1101 hominum
338 1045 441 1114 salute,
454 1054 513 1100 tam
533 1043 589 1102 sibi
602 1044 844 1112 necessariorum,
854 1060 1029 1120 magnopere

123 1122 252 1198 gavisus,
272 1122 426 1180 confestim
447 1141 514 1179 cum
534 1123 658 1199 epistola
672 1124 846 1181 Artabazum
867 1122 904 1180 ad
921 1123 1030 1181 Pausa·

122 1201 201 1258 niam
220 1200 314 1270 mittit,
328 1201 360 1258 in
380 1220 436 1276 qua
457 1221 523 1259 eum
541 1202 695 1272 collaudat,
709 1222 743 1259 ac
763 1201 845 1278 petit,
858 1221 896 1258 ne
918 1200 966 1258 cui
986 1199 1030 1256 rei

122 1290 222 1354 parcat
233 1279 271 1336 ad
285 1299 321 1337 ea
333 1280 520 1355 perficienda,
531 1300 595 1356 quae
605 1281 768 1356 pollicetur.
798 1281 832 1338 si
846 1279 959 1350 fecerit,
967 1278 1030 1336 nul·

122 1358 179 1416 lius
193 1359 238 1415 rei
249 1377 267 1414 a
280 1377 314 1415 so
324 1360 470 1434 repulsam
483 1360 614 1417 laturum.
649 1360 745 1436 Hujus
757 1358 918 1417 Pausanias
929 1359 1030 1416 volun·
1050 1359 1069 1413 6

122 1447 179 1494 tate
195 1438 320 1512 cognita,
335 1438 458 1495 alacrior
479 1437 591 1496 adrem
604 1439 760 1514 gerendam
773 1439 876 1508 sactus,
890 1437 922 1494 in
935 1436 1029 1512 suspi-

123 1516 238 1572 cionem
253 1517 361 1573 cecidit
375 1517 670 1574 Lacedaemoniorum.
705 1518 739 1575 In
758 1536 814 1593 quo
828 1517 904 1575 iacto
915 1516 1030 1574 domum

122 1601 287 1664 revocatus,
302 1606 455 1652 accusatus
468 1596 581 1670 capitis,
592 1596 767 1665 absolvitu13
787 1597 921 1653 multatur
933 1606 1030 1652 tamen

122 1675 264 1748 pecunia:
286 1693 371 1747 quum
381 1675 417 1731 ob
432 1693 550 1731 causam
564 1675 600 1731 ad
614 1676 741 1733 classem
750 1675 890 1732 remissus
904 1683 1028 1731 nonest.

162 1752 220 1809 Ill.
250 1753 289 1809 At
302 1752 353 1809 ille
367 1763 433 1828 post
452 1771 510 1810 non
524 1755 612 1810 multo
633 1773 686 1809 sua
703 1764 805 1828 sponte
820 1753 857 1809 ad
871 1752 1030 1809 exercitum
1052 1753 1066 1807 l

122 1831 218 1901 rediit,
233 1841 262 1888 et
282 1831 323 1888 ibi
343 1836 401 1888 non
423 1832 537 1901 callida,
552 1832 607 1890 sed
625 1831 753 1888 dementi
773 1831 884 1887 ratione
906 1829 1030 1904 cogitata

121 1909 270 1984 patefecit.
311 1910 380 1968 Non
400 1910 479 1968 enim
500 1930 596 1968 mores
616 1910 724 1986 patrios
746 1910 849 1978 solum,
870 1907 923 1966 sed
944 1907 1031 1964 etiam

123 1990 231 2046 cultum
245 1989 437 2064 vestitumque
458 1989 585 2047 mutarit.
627 1991 774 2065 Apparatu
794 1988 876 2064 regio
889 1987 1028 2060 utebatur,
1049 1991 1068 2043 2

123 2078 204 2124 vesta
216 2064 355 2138 Medica;
376 2069 518 2126 satellites
533 2069 616 2127 Medi
631 2079 660 2125 et
670 2067 806 2144 AEgyptii
819 2067 1028 2142 sequebantur3

123 2146 292 2221 epulabatur
311 2166 390 2204 more
413 2149 569 2205 Persarum
588 2147 773 2218 luxuriosius,
787 2165 880 2222 quam,
894 2145 943 2221 qui
962 2145 1030 2204 cde·

122 2236 193 2295 rant,
214 2226 330 2301 perpeti
355 2237 493 2301 possent;
522 2227 629 2284 aditum
648 2226 812 2302 petentibus
836 2224 1029 2284 conveniendi
1050 2226 1068 2282 8

122 2322 179 2362 non
198 2305 303 2375 dabat3
324 2307 447 2380 superbe
468 2306 670 2381 respondebat,
686 2306 740 2383 [et]
764 2305 919 2363 crudeliter
938 2303 1030 2380 impe·

123 2385 211 2440 rabat.
254 2384 388 2459 Spartam
406 2384 501 2442 redire
521 2385 647 2442 nolebat.
689 2385 825 2454 Colonas,
839 2382 888 2459 qui
901 2384 984 2441 locus
998 2383 1030 2440 in

124 2479 191 2537 agro
205 2462 323 2521 Troade
349 2473 404 2533 est,
423 2483 456 2520 se
482 2464 657 2521 contulerat:
678 2463 720 2521 ibi
741 2463 865 2521 consilia
880 2480 967 2537 quum
979 2480 1030 2537 pa·

124 2620 212 2677 monii
225 2619 399 2691 rescierunt,
412 2621 524 2697 legatos
539 2621 576 2678 ad
590 2640 656 2678 eum
676 2640 742 2679 cum
755 2621 869 2697 scytala
880 2621 1029 2689 miserunt,

125 2696 224 2773 inqua
243 2717 323 2757 more
337 2700 452 2757 illorum
468 2710 530 2757 erat
550 2699 705 2776 scriptum:
727 2699 785 2758 uisi
806 2700 1030 2758 domum'rever·

126 2784 239 2848 teretur,
255 2797 289 2835 se
305 2777 409 2854 capitis
431 2788 503 2836 eum*
517 2779 709 2838 damnaturos.
745 2776 818 2838 Hoc
838 2778 938 2838 nuntio
952 2795 1030 2834 com·
1050 2780 1069 2832 5

127 2865 226 2927 motus,
237 2875 369 2932 sperans,
383 2877 416 2915 se
431 2857 519 2916 etiam
531 2869 592 2916 tum
604 2859 730 2935 pecunia
741 2868 770 2916 et
779 2857 908 2934 potentia
917 2857 1029 2914 instans

129 2935 286 3008 periculum
298 2954 388 3010 posse
403 2936 561 3012 depellere,
572 2937 688 2995 domum
696 2937 792 2996 rediit.
821 2935 890 2994 Huc
899 2944 931 2990 ut
940 2932 1030 3004 venit,

130 3012 158 3070 sb
169 3013 289 3089 ephoris
303 3014 335 3072 in
347 3014 465 3073 vincula
473 3017 591 3092 publica
604 3018 754 3093 conjectus
768 3025 824 3072 est.
856 3013 942 3070 Licet
952 3010 1030 3069 enim

130 3088 238 3168 legibus
267 3111 367 3150 eorum
389 3093 481 3152 cuivis
503 3094 612 3171 ephoro
638 3094 695 3152 hoc
716 3093 815 3151 facere
835 3090 908 3168 regi.
949 3090 1029 3150 Hinc

131 3176 219 3228 tamen
232 3190 267 3229 se
282 3172 449 3247 expedivit3
462 3192 556 3248 neque
571 3192 607 3231 eo
617 3171 710 3248 magis
725 3171 842 3228 carebat
852 3171 1029 3248 suspicione.

133 3245 201 3307 llam
214 3249 314 3325 opinio
327 3252 470 3322 manebat,
484 3271 551 3310 eum
565 3270 631 3309 cum
643 3270 713 3327 rege
727 3249 834 3308 habere
849 3249 1028 3309 societatem.

135 3321 181 3384 Est
203 3347 297 3404 genus
329 3329 473 3404 quoddam
509 3329 666 3400 hominum,
692 3329 768 3405 quod
795 3330 877 3388 Ilotoe
901 3332 1068 3400 vaccumb

136 3420 243 3476 quorum
255 3426 362 3484 magna
381 3409 531 3467 multitudo
552 3427 637 3485 agros
654 3408 940 3467 Lacedaemoniorum
960 3408 1030 3466 colit
1096 3462 1097 3465 ,

138 3497 328 3562 seruorumque
347 3505 467 3545 munere
480 3487 616 3564 fungitur.
657 3488 723 3546 Hos
743 3505 855 3562 quoque
869 3485 1029 3544 sollicitare

140 3574 182 3633 φο
202 3564 343 3623 libertatis
368 3564 593 3624 existimabatur.
635 3566 697 3624 Sed
716 3565 792 3641 quod
815 3565 916 3621 harum
935 3580 1030 3619 rerum
1050 3566 1065 3618 t

105 3662 108 3669 ·
142 3639 235 3702 smum
259 3654 323 3703 erat
350 3653 480 3721 apertum
503 3644 622 3714 crimen,
648 3662 704 3722 quo
731 3643 814 3721 argui
839 3651 954 3720 posset,
973 3657 1037 3700 non
