2378 4036
325 250 448 316 xxm.
495 259 543 316 ra.
587 250 793 334 (cantuar.)
939 208 1008 316 'aa
1082 294 1085 304 .

99 405 210 482 scripti,
224 405 283 480 qui,
299 403 464 462 Hannibale
479 405 553 474 vivo,
577 423 736 481 numquam
760 423 791 462 se
815 404 877 461 sina
898 403 1010 462 insidiis

100 484 212 544 futuros
226 484 434 552 existimarent,
449 482 559 560 legatos
578 484 609 540 in
630 482 799 557 Bithyniam
813 483 962 552 miserunt,
977 482 1008 539 in

100 565 146 622 his
159 562 367 631 Flamininum,
377 563 428 637 qui
442 562 478 620 ab
493 580 562 638 rege
576 571 763 638 poterantne
775 561 1008 618 inimicissimum

100 661 185 700 suurn
198 660 299 698 secum
313 641 441 709 haberet,
457 640 569 716 sibique
584 639 711 697 dederet.
754 638 810 696 His
824 638 943 696 Prusias
957 657 1006 696 ne·
1027 641 1044 696 ³

98 739 170 798 gare
184 738 276 777 ausus
300 737 357 776 non
381 730 443 790 est3
466 717 541 777 illud
566 719 722 787 recusavit,
747 736 784 774 ne
804 717 866 774 ida
887 737 918 776 se
942 718 1007 776 heri

100 799 287 877 postularent,
314 797 389 873 quod
416 797 556 854 adversus
572 797 622 873 jus
646 797 760 873 hospitii
779 805 873 868 esset;
896 797 959 872 ipsi,
981 796 1007 854 si

100 887 222 954 possent,
245 875 538 952 comprehenderent:
561 875 668 944 locum,
685 876 733 933 ubi
755 884 839 944 esset,
856 875 942 932 facile
963 875 1005 932 iu·

100 967 246 1015 venturos.
269 954 416 1012 Hannibal
430 954 508 1010 enim
520 972 576 1011 uno
585 954 688 1011 locose
702 955 817 1010 tenebat
831 954 861 1009 in
876 954 1004 1022 castello,

99 1035 173 1111 quod
189 1034 216 1092 ei
238 1036 274 1091 ab
289 1052 357 1110 rege
371 1032 469 1090 datum
484 1042 548 1090 erat
563 1033 694 1089 muneri:
716 1031 803 1107 idque
824 1031 867 1090 sic
881 1031 1005 1090 edifica

99 1123 152 1183 rat,
163 1112 250 1194 rit-iu
265 1113 397 1170 omnibus
411 1111 541 1188 partibus
555 1110 669 1169 aedifieii
683 1111 793 1168 exitum
808 1095 1005 1194 silishQret.
1034 1081 1114 1258 *f*

99 1211 214 1268 semper
237 1209 349 1260 verens,
375 1209 411 1246 ne
437 1208 492 1247 usu
517 1190 637 1259 veniret,
663 1189 739 1265 quod
767 1189 882 1247 accidit.
935 1189 1005 1247 Huc
1025 1193 1064 1265 ‘l¹

99 1289 189 1346 quum
203 1271 293 1346 legati
314 1269 510 1326 Romanorum
526 1269 681 1338 venissent,
697 1287 732 1326 ac
753 1267 937 1325 multitudine
957 1268 1004 1325 do-

99 1367 179 1406 mum
199 1351 264 1426 ejus
278 1346 544 1417 circumdedissent,
560 1365 633 1422 puer
657 1347 693 1404 ab
712 1347 805 1423 janua
828 1347 1006 1424 prospiciens

99 1426 259 1486 Hannibali
273 1427 354 1495 dixit,
370 1426 469 1501 plures
493 1436 597 1501 praeter
619 1424 856 1483 consuetudinem
881 1434 1006 1484 armatos

100 1524 248 1582 apparere.
290 1505 351 1571 Qui
360 1505 512 1580 imperavit
526 1505 562 1574 ei,
578 1514 610 1561 ut
617 1523 717 1561 omnes
731 1502 807 1561 fores
820 1503 935 1562 aedificii
949 1505 1004 1562 cir·

99 1586 230 1655 cumiret,
245 1604 281 1643 ac
296 1602 415 1660 propere
434 1584 489 1640 sibi
504 1584 692 1652 renuntiaret,
712 1601 781 1640 num
799 1581 899 1639 eodem
921 1581 1003 1640 modo

100 1662 226 1738 undique
240 1663 428 1721 obsideretur.
471 1661 549 1719 Puer
562 1680 654 1737 quum
673 1660 815 1730 celeriter,
830 1659 897 1735 quid
918 1671 1003 1731 esset,
1024 1666 1043 1718 5

99 1743 299 1811 renuntiasset,
324 1759 482 1816 omnesque
510 1741 605 1798 exitus
628 1749 784 1815 occupatos
812 1738 1001 1811 ostendisset3

98 1820 195 1889 sensit,
210 1820 239 1877 id
264 1839 320 1877 non
343 1819 458 1877 fortuito
480 1818 599 1888 factum,
621 1817 669 1875 sed
695 1837 726 1875 se
749 1817 816 1893 peti,
831 1835 926 1892 neque
949 1817 1004 1874 sibi

98 1895 206 1955 diutius
219 1899 308 1956 vitam
322 1917 386 1956 esse
402 1896 591 1955 retinendam.
634 1896 733 1962 Quam
756 1913 794 1952 ne
819 1895 914 1952 alieno
928 1895 1003 1952 arbi·

98 1975 151 2032 trio
173 1976 337 2047 dimitteret,
353 1994 465 2034 memor
483 1976 670 2052 pristinarum
686 1975 835 2044 virtutum,
857 1992 1003 2032 venenum

98 2052 173 2129 q'uod
187 2075 303 2132 semper
315 2074 416 2112 secum
433 2055 540 2112 habere
554 2063 755 2122 consueverat,
771 2053 902 2129 sumpsit.

137 2133 218 2192 Xlll.
241 2134 290 2191 Sic
305 2135 351 2190 vir
365 2132 545 2201 fortissimus,
561 2133 660 2191 multis
674 2133 819 2207 variisque
833 2130 1003 2207 perfunctus
1025 2135 1040 2190 l

97 2208 254 2281 laboribus,
271 2231 346 2270 anno
369 2213 515 2288 acquievit
538 2212 760 2289 septuagesimo.
803 2210 919 2276 Quibus
935 2229 1001 2268 con-

97 2289 209 2348 sulibus
222 2291 373 2360 interierit,
387 2309 445 2347 non
460 2293 603 2348 convenit.
632 2290 769 2366 Namque
784 2290 910 2358 Atticus,
926 2289 1002 2348 Mar-

97 2384 131 2423 co
141 2368 264 2426 Claudio
278 2369 429 2438 Marcello,
441 2369 479 2434 Q.
493 2369 584 2426 Fabio
599 2369 735 2427 Labeone
749 2369 831 2427 Coss.
848 2379 1001 2439 mortuum,

97 2444 126 2501 in
140 2447 239 2505 annali
253 2466 305 2504 suo
318 2449 459 2524 scriptum
470 2449 605 2523 reliquit;
629 2457 657 2505 at
672 2447 818 2522 Polybius,
829 2447 865 2505 L.
882 2447 1002 2508 AEmilio

98 2522 201 2582 Paullo
221 2535 250 2583 et
273 2525 328 2582 Cn.
344 2526 443 2584 Baebio
468 2526 641 2602 Tamphi103
664 2527 813 2602 Sulpicius
838 2537 945 2597 autem,
967 2526 999 2584 P.

96 2601 229 2661 Cornelio
253 2603 389 2682 Cethego,
416 2603 457 2661 M.
483 2605 582 2662 Baebio
607 2605 771 2681 Tamphilo.
827 2605 926 2681 Atque
953 2605 1041 2664 hiea

97 2689 194 2739 tantus
208 2681 252 2739 vir
271 2684 415 2759 tantisque
438 2683 522 2741 bellis
541 2683 689 2741 districtus
712 2682 842 2740 nonnihil
865 2685 1002 2760 temporis

97 2760 196 2818 tribuit
210 2760 322 2819 litteris.
364 2761 501 2837 Namque
516 2762 626 2837 aliquot
639 2762 703 2838 ejus
724 2762 790 2818 libri
804 2772 880 2832 sunt,
896 2761 1001 2819 Graeco

96 2856 228 2896 sermone
250 2839 392 2912 confecti3
426 2841 456 2897 in
481 2841 525 2898 his
546 2840 582 2898 ad
607 2839 732 2898 Rhodios
756 2841 791 2897 de
815 2840 870 2898 Cn.
898 2838 1001 2896 Manlii

97 2915 235 2974 Vulsonis
249 2918 279 2975 in
294 2919 369 2976 Asia
385 2918 471 2976 rebus
484 2920 583 2996 gestis.
620 2917 719 2995 Hujus
733 2918 810 2975 bella
823 2927 904 2993 gesta
918 2916 1001 2973 multi
1022 2921 1040 2974 3

97 2997 242 3053 memoriae
266 2996 469 3072 prodiderunt:
491 2997 541 3055 sed
566 3016 603 3055 ex
615 2996 672 3070 ,his
686 2998 751 3065 duo,
767 2997 817 3071 qui
838 3014 907 3052 cum
922 3013 957 3050 eo
970 2994 1001 3051 in

96 3074 199 3131 castris
227 3073 347 3133 fuerunt
378 3075 523 3152 simulque
550 3076 691 3142 vixerunt,
720 3085 859 3148 quamdiu
888 3071 1002 3130 fortuna

97 3169 180 3226 passa
204 3162 256 3222 est,
280 3153 407 3222 Silenus,
423 3163 452 3211 et
473 3153 585 3211 Sosilus
609 3151 859 3211 Laeedaemonius.
902 3151 1001 3227 Atque

96 3228 149 3287 hoc
163 3230 256 3287 Sosilo
271 3231 419 3289 Hannibal
431 3232 592 3291 litterarum
608 3230 780 3287 Graecarum
795 3249 866 3287 usus
879 3242 922 3289 est
936 3230 1001 3290 doc-

95 3316 165 3365 tore.
208 3308 266 3367 Sed
289 3329 340 3368 nos
365 3321 479 3386 tempus
492 3320 536 3368 est
560 3309 648 3384 hujus
661 3308 728 3365 libri
750 3306 847 3367 facere
861 3309 958 3380 finem,
973 3319 1002 3369 et
1021 3315 1038 3370 4

95 3383 292 3445 Romanorum
302 3389 448 3465 explicare
460 3390 664 3464 imperatores:
685 3405 743 3463 quo
758 3387 874 3447 facilius
888 3389 1002 3448 collatis

95 3474 284 3557 utrprumque
300 3466 393 3538 factis,
413 3467 464 3543 qui
479 3467 535 3525 viri
555 3464 727 3544 praeferendi
740 3467 807 3540 sint,
822 3469 909 3546 possit
925 3466 1001 3544 judi·

94 3559 165 3602 ⁰811·
