2378 4036
153 275 196 335 co
379 269 453 333 vu.
490 276 517 346 1,
533 277 563 345 2,
579 268 609 332 a.
655 265 870 348 (aratiam.)

137 442 139 446 ⁸
192 418 257 476 bene
270 418 397 476 consulit.
430 415 490 474 IX.
506 415 544 473 Ia
554 413 655 472 Asiam
668 416 780 471 transit.
817 413 860 472 X.
875 414 913 472 Iit
922 414 1053 493 Phrygia

190 497 364 576 intepicitor.
404 494 459 552 XI
459 539 465 551 .
487 493 646 552 Alcibiadis
660 493 723 550 laus
736 503 762 550 et
776 495 950 570 vituperatio.

115 658 127 714 l
191 654 216 712 Ι.
251 653 436 722 Alcibiitdes,
453 652 555 710 Cliniae
580 652 665 718 filius,
688 650 884 708 Atheniensis.
936 651 972 708 In
995 651 1051 708 hoc

151 745 262 799 natura,
283 733 351 806 quid
373 731 488 788 efficere
510 731 611 806 possit,
632 729 743 786 videtur
765 741 891 804 experta.
934 730 1054 788 Constat

153 812 229 869 enim
258 812 331 868 inter
358 829 468 879 omnes,
497 810 545 884 qui
574 809 610 866 de
632 827 667 865 eo
691 809 835 866 memoriae
862 808 1053 883 prodiderunt,

152 889 224 947 nihil
247 890 296 947 illo
318 889 408 946 fuisse
431 889 629 956 excellentius,
652 887 699 944 vel
721 888 751 943 in
773 888 859 956 vitiis,
883 887 928 944 vel
948 888 978 944 in
998 889 1054 944 vir·

113 970 130 1023 2
152 969 266 1026 tutibus.
309 968 402 1025 Natus
423 968 453 1024 in
473 968 648 1043 amplissima
668 967 792 1035 civitate,
807 984 917 1023 summo
938 985 1054 1042 genere,

65 1071 67 1074 ’
151 1048 277 1104 omnium
304 1048 395 1104 aetatis
423 1065 482 1103 suae
516 1046 603 1103 multo
630 1045 861 1115 formosissimus,
890 1045 926 1102 ad
953 1063 1055 1103 omues

152 1144 199 1184 res
221 1138 311 1202 aptus,
333 1126 501 1199 consiliique
522 1125 634 1200 plenus.
677 1124 809 1197 Namque
830 1124 983 1199 imperator
1002 1124 1055 1181 suit

152 1224 279 1262 summus
294 1216 323 1261 et
336 1205 409 1261 mari
423 1215 452 1261 et
466 1215 560 1271 terra;
582 1203 715 1271 disertus,
729 1215 758 1259 ut
773 1203 911 1278 imprimis
931 1203 1054 1260 dicendo

152 1285 269 1354 valeret,
291 1283 366 1357 quod
390 1294 468 1339 tanta
490 1293 549 1339 erat
572 1281 781 1338 commendatio
803 1282 861 1338 oris
885 1293 968 1356 atque
989 1300 1051 1348 oraf

114 1367 131 1420 3
152 1362 247 1431 tionis,
268 1373 298 1418 ut
321 1380 407 1418 nemo
432 1361 460 1418 ei
484 1360 608 1417 dicendo
632 1372 731 1436 posset
753 1358 908 1429 resister03
941 1360 1050 1419 deinde.

152 1459 237 1514 quum
264 1437 376 1515 tempus
404 1451 547 1515 posceret,
575 1439 743 1508 laboriosas,
768 1439 889 1514 patiens,
917 1439 1054 1512 liberalis,

154 1519 320 1593 splendidus
344 1537 403 1575 non
427 1519 520 1575 minus
544 1518 575 1574 in
594 1518 661 1586 vita,
683 1536 767 1592 quam
791 1518 888 1587 victu;
921 1518 1055 1593 affabilis,

115 1597 282 1667 lblandus,
317 1597 490 1673 temporibus
525 1596 712 1654 callidissime
747 1597 919 1653 inserviens.
963 1597 1055 1667 idem,

154 1676 239 1733 simul
254 1695 287 1732 ac
302 1695 335 1732 so
350 1676 508 1745 remiserat,
520 1694 612 1749 neque
627 1694 717 1732 eausa
731 1677 854 1744 suberat,
865 1695 951 1750 quare
966 1676 1056 1733 animi

154 1755 279 1812 laborem
306 1755 452 1831 perferret,
481 1755 654 1822 luxuriosus,
683 1755 847 1823 dissolutus,
875 1755 1056 1825 libidinosus,

153 1833 345 1910 intemperans
372 1835 575 1910 reperiebatur,
603 1844 633 1890 ut
660 1851 759 1890 omnes
787 1833 1001 1902 admirarentur,
1020 1830 1057 1891 'iu

153 1932 210 1970 uno
231 1913 346 1970 homine
368 1925 475 1970 tantam
498 1933 565 1970 esse
589 1912 858 1981 dissimilitudinem,
880 1922 992 1987 tamque
1014 1912 1057 1970 di·

154 2011 266 2048 versam
279 2005 417 2048 naturam.
560 2041 563 2048 .

194 2071 234 2127 ΙΙ.
265 2070 412 2127 Educatus
438 2080 483 2126 est
503 2070 531 2125 in
553 2069 636 2126 domo
658 2068 765 2125 Pericli
794 2069 953 2145 (privignus
979 2071 1057 2128 enim

99 2148 108 2164 '
155 2149 217 2224 ejus
232 2147 322 2205 fuisse
334 2147 460 2222 dicitur),
474 2148 599 2204 eruditus
611 2166 629 2204 a
641 2147 772 2204 Socrate.
810 2148 948 2206 Socerum
958 2148 1058 2207 habuit

155 2227 358 2302 Hipponicum,
373 2226 497 2282 omniurn
514 2226 616 2284 Graeca
636 2226 731 2300 lingua
752 2226 926 2301 loquentium
947 2227 1056 2287 divitis·

155 2306 266 2373 simum,
295 2316 333 2374 nt,
362 2305 387 2361 si
415 2305 478 2380 ipse
507 2306 615 2380 fingere
636 2305 731 2374 vellet,
752 2325 844 2380 neque
873 2307 954 2382 plura
982 2309 1057 2365 bona

154 2384 311 2453 reminisci,
326 2402 418 2458 neque
437 2384 543 2460 majora
560 2394 660 2460 posset
678 2385 824 2459 consequi,
838 2404 921 2459 quam
935 2386 982 2443 vel
1001 2386 1057 2444 for·

155 2474 223 2520 tuna
237 2463 283 2519 vel
298 2474 398 2520 natura
412 2463 554 2520 tribuerat.

23 2572 27 2578 ·
119 2546 131 2600 l
194 2541 251 2599 III.
274 2541 357 2598 Bello
372 2541 584 2617 Peloponnesio
597 2541 681 2619 hujus
697 2542 817 2599 consilio
832 2552 915 2617 atque
937 2544 1057 2602 auctori·

155 2631 212 2678 tate
238 2619 435 2678 Athenienses
460 2621 565 2678 bellum
589 2621 781 2697 Syracusanis
804 2621 987 2681 indixerunt:
1020 2623 1057 2681 ad

155 2699 229 2774 quod
254 2699 411 2775 gerendum
435 2700 498 2775 ipse
520 2700 577 2758 dux
597 2700 728 2758 delectus
750 2709 814 2768 est;
840 2699 895 2758 duo
918 2712 1058 2777 praetcrea

115 2783 134 2836 2
156 2779 276 2856 collegae
299 2778 367 2845 dati,
388 2779 492 2836 Nicias
513 2791 542 2836 et
562 2778 736 2836 Lamichus.
779 2779 814 2836 ld
830 2798 917 2853 quum
936 2800 1056 2858 appara-

154 2869 240 2928 retur,
260 2858 338 2934 prius
359 2877 443 2932 quarn
464 2857 568 2914 elassis
589 2858 690 2928 exiret,
709 2857 824 2926 accidit,
844 2869 875 2916 ut
893 2877 951 2916 una
971 2872 1057 2918 nocte

154 2956 254 2996 omnes
281 2937 408 3007 Hermae,
429 2937 477 3011 qui
504 2936 534 2992 in
556 2936 660 3012 oppido
686 2947 767 2994 erant
791 2936 924 3007 Athenis,
950 2938 1058 3014 dejice·

155 3029 258 3085 rentur,
286 3028 388 3092 praetcr
421 3035 518 3085 unum,
546 3015 594 3090 qui
628 3027 693 3072 ante
723 3015 842 3091 januam
871 3028 930 3072 erat
962 3018 1059 3076 Ando-

117 3099 134 3152 3
155 3095 239 3151 cidis.
290 3096 388 3169 Itaque
412 3095 461 3151 ille
484 3105 584 3170 postea
608 3094 769 3151 Mercurius
793 3094 960 3153 Andocides
981 3099 1058 3155 voci·

155 3184 229 3228 tatus
244 3185 297 3228 est.
341 3173 407 3230 Hoc
422 3191 507 3246 quum
528 3185 679 3249 appareret
699 3191 755 3230 non
777 3173 840 3230 sine
861 3192 967 3249 magna
988 3177 1059 3234 mul·

155 3263 246 3307 torum
275 3253 466 3308 consensione
495 3271 562 3309 esse
586 3252 702 3322 factum,
727 3251 801 3326 quod
825 3271 883 3309 nou
907 3253 943 3310 ad
967 3256 1059 3330 priva·

155 3340 222 3395 tam,
247 3328 299 3384 sed
321 3329 357 3384 ad
377 3330 519 3403 publicam
539 3349 599 3387 rem
619 3332 783 3408 pertineret,
798 3349 917 3406 magnus
936 3334 1060 3392 multitu-

156 3407 216 3464 dini
231 3407 313 3462 timor
327 3418 372 3462 est
385 3408 517 3482 injectus,
532 3428 570 3465 ne
583 3428 639 3483 qua
657 3410 808 3484 repentina
827 3410 872 3467 vis
893 3411 923 3468 in
944 3412 1059 3472 civitate

117 3486 319 3554 lexeisteret,
350 3504 414 3560 quae
443 3486 603 3543 libertatem
627 3488 800 3563 opprimeret
826 3490 934 3565 populi.
990 3490 1058 3550 Hoc

156 3565 282 3624 maxime
297 3564 450 3621 convenire
465 3565 495 3621 in
509 3565 691 3622 Alcibiadem
704 3565 862 3637 videbatur,
877 3568 952 3643 quod
967 3580 996 3628 et
1009 3589 1059 3649 po·

152 3644 259 3702 tentior
271 3653 301 3700 et
313 3643 412 3721 major,
427 3661 513 3718 quam
533 3643 670 3719 privatus,
684 3644 908 3705 existimabatur.
950 3648 1059 3710 Multo·
