2378 4036
364 267 484 332 xvru.
529 275 558 331 o.
605 267 799 351 (numm.)
989 278 1029 336 aa

125 421 176 483 sed
190 432 223 481 ut
236 422 363 479 militum
377 421 499 499 cogebat
512 421 655 479 voluntas.
691 421 827 497 Namque
842 421 893 478 illa
907 421 1034 496 phalanx
1053 426 1073 480 2

126 500 290 562 Alexandri
305 499 417 581 Magni,
431 518 498 575 qnae
520 500 624 558 Asiam
645 510 814 576 peragraret
828 499 1033 574 deviceratque

125 579 239 650 Persas,
254 580 415 636 inveterata
434 597 525 654 quum
539 578 640 655 gloria,
649 589 711 634 tum
725 579 813 634 etiam
834 578 960 647 licentia,
975 597 1033 636 non

125 675 228 735 parere
248 676 281 715 se
302 655 436 727 ducibus,
457 655 508 714 sed
525 657 669 733 imperare
692 655 868 732 postulabat:
898 667 930 713 ut
953 675 1032 715 nunc

126 737 256 795 veterani
270 733 382 793 faciunt
401 734 501 792 nostri.
543 733 645 809 Itaque
666 733 829 810 periculum
843 745 895 803 est,
910 752 947 792 ne
962 734 1033 793 faci·

126 825 183 885 ant,
196 813 274 890 quod
298 813 341 871 illi
366 811 498 870 fecerunt
518 831 573 870 sua
592 813 812 889 intemperantia
833 813 979 888 nimieque
998 813 1031 870 li-

125 893 230 962 centia,
245 901 278 949 ut
290 892 388 950 omnia
402 890 532 967 perdant,
547 908 641 966 neque
656 892 752 948 minus
765 909 823 959 eos,
838 909 906 949 cum
925 891 1032 967 quibus

125 971 263 1039 steterint,
278 988 366 1046 quam
388 968 527 1026 adversus
551 988 623 1044 quos
644 967 775 1026 fecerint.
818 969 904 1034 Quod
928 971 1033 1045 siquis
1052 975 1071 1028 8

125 1049 240 1107 illorum
255 1058 457 1105 veteranorum
472 1047 550 1124 legat
565 1046 650 1115 sacta,
661 1047 741 1123 paria
755 1048 857 1104 horum
866 1059 1029 1123 cognoscet,

125 1145 218 1204 neque
234 1145 296 1184 rem
311 1126 412 1195 ullam,
427 1126 483 1182 nisi
504 1136 627 1200 tempus,
648 1126 788 1183 interesse
809 1125 931 1202 judicet.
973 1126 1030 1184 Sed

126 1205 161 1263 ed
184 1205 251 1263 illos
270 1215 409 1262 revertar.
462 1203 594 1261 Hiberna
616 1214 779 1261 sumserunt
802 1223 859 1261 non
884 1203 920 1260 ad
946 1222 1032 1261 usum

126 1283 202 1353 belli,
217 1283 268 1340 sed
293 1282 328 1339 ed
350 1283 477 1359 ipsorum
492 1282 649 1352 luxuriem,
672 1282 813 1358 longeque
834 1283 1030 1340 intercedis·

126 1371 282 1420 cesserant.
322 1359 388 1418 Hoc
412 1361 578 1437 Antigonus
601 1379 693 1435 quum
714 1362 908 1437 comperisset,
924 1361 1029 1419 intelli·
1051 1367 1069 1421 4

125 1451 271 1516 geretque,
286 1459 317 1497 se
338 1457 438 1516 parem
459 1457 515 1496 non
531 1457 594 1496 esse
615 1440 722 1514 paretis
737 1439 918 1509 adversariis,
932 1441 1031 1498 statuit

126 1518 234 1595 aliquid
248 1519 303 1575 sibi
326 1517 440 1574 consilii
464 1518 530 1574 novi
551 1537 614 1583 esse
635 1517 818 1594 capiendum.
860 1517 934 1575 Duae
948 1528 1031 1576 erant

125 1597 187 1667 viae,
202 1615 262 1672 que
275 1616 311 1654 ex
327 1595 429 1664 Medis,
445 1595 495 1653 ubi
514 1595 564 1654 ille
579 1596 732 1668 hiemabat,
748 1596 784 1652 ad
799 1596 1031 1654 adversariorum

124 1674 311 1733 hibernacula
325 1684 419 1750 posset
432 1675 587 1750 perveniri.
623 1674 758 1739 Quarum
773 1675 887 1731 brevior
901 1693 952 1750 per
966 1675 1031 1731 loca
1051 1678 1071 1733 b

124 1752 247 1822 deserta,
261 1772 328 1829 quae
340 1771 425 1809 nemo
445 1752 588 1810 incolebat
601 1762 716 1828 propter
731 1771 814 1826 equae
834 1753 969 1828 inopiam,
984 1771 1031 1811 ee-

124 1839 218 1888 terum
233 1831 346 1888 dierum
360 1841 424 1888 eret
448 1829 509 1889 sere
529 1830 650 1902 decem;
673 1830 725 1887 ille
739 1840 845 1899 autem,
860 1849 918 1905 qua
932 1841 1031 1887 omnes

124 1910 331 1979 commeabant,
347 1909 437 1967 altero
457 1919 535 1967 tento
549 1908 706 1984 longiorem
720 1908 843 1965 habebat
857 1907 1030 1978 anfractum,

124 1987 173 2045 sed
187 1998 250 2045 erat
269 1989 384 2064 copiose
397 1988 583 2063 omniumque
598 2005 696 2044 rerum
716 1985 875 2044 abundans.
918 1985 985 2043 Hac
1005 1987 1031 2045 si
1051 1992 1069 2046 6

124 2065 365 2141 proficisceretur,
380 2065 567 2142 intelligebat,
583 2066 664 2142 prius
678 2065 858 2124 adversarios
873 2065 1030 2125 rescituros

124 2143 158 2201 de
172 2163 225 2202 suo
238 2143 373 2214 adventu,
395 2162 484 2219 quam
508 2145 569 2220 ipse
589 2145 702 2201 tertiam
727 2154 837 2220 partem
859 2143 1030 2203 confecisset

123 2223 253 2295 itineris3
276 2223 322 2280 sin
336 2240 388 2299 per
400 2222 465 2280 loca
479 2223 540 2280 sola
560 2223 752 2291 contenderet,
767 2224 911 2299 sperabat,
926 2242 958 2280 se
977 2223 1030 2281 im·

124 2301 294 2376 prudentem
315 2301 426 2358 bostem
446 2319 660 2378 oppressurum.
703 2301 751 2358 Ad
776 2302 852 2360 hanc
866 2321 927 2359 rem
941 2301 1028 2359 confi·
1049 2304 1068 2358 7

123 2379 258 2436 ciendam
282 2380 435 2455 imperavit
459 2379 707 2455 quamplurimos
732 2390 811 2438 utres
832 2391 918 2457 atque
942 2381 1030 2438 etiam

122 2457 233 2515 culleos
246 2458 408 2533 comparari
422 2477 430 2529 3
454 2467 518 2534 post
536 2457 599 2515 baec
613 2458 752 2534 pabulum
765 2478 774 2530 ;
797 2470 937 2534 praeterea
951 2458 1028 2516 ciba·

122 2535 166 2593 ria
179 2545 263 2594 cocta
276 2535 388 2593 dierum
402 2535 513 2605 decern,
523 2545 612 2611 utque
626 2555 714 2611 quam
730 2537 939 2595 minimefieret
952 2537 1029 2614 ignis

121 2613 279 2673 incastris.
322 2613 388 2684 lter,
403 2613 478 2690 quod
493 2613 626 2684 habebat,
640 2633 739 2672 omnes
753 2615 839 2673 celat.
882 2615 932 2674 sia
946 2633 1028 2692 para-

121 2701 176 2761 tus,
191 2711 250 2768 qua
264 2693 459 2762 constituerat,
475 2693 675 2769 proficiscitur.

47 2832 50 2838 ,
161 2769 215 2829 ΙΧ.
244 2769 405 2828 Dimidium
433 2770 493 2829 sere
520 2771 644 2848 spatium
672 2771 845 2843 confecerat,
873 2791 964 2848 quum
991 2774 1067 2829 exl

123 2846 202 2906 sumo
215 2858 377 2907 castrorum
391 2849 455 2926 ejus
478 2850 605 2926 suspicio
625 2850 714 2907 allata
727 2861 771 2908 est
793 2851 829 2908 ad
854 2850 1028 2918 Eumenem,

122 2926 232 2985 hostem
256 2945 345 3004 appro
364 2927 496 3003 inquere.
537 2927 721 2986 Conveniunt
744 2929 854 3000 duces3
877 2927 1027 3003 quaeritur,

121 3004 190 3080 quid
204 3024 276 3080 opns
290 3006 327 3063 sit
342 2946 427 3064 licto.
468 3005 672 3083 Intelligebant
688 3024 797 3074 omnes,
813 3016 872 3063 tarn
893 3004 1028 3063 celeriter

120 3083 218 3160 copias
232 3084 360 3160 ipsorum
374 3084 504 3141 contrahi
518 3102 574 3141 non
596 3103 687 3160 posse,
703 3102 790 3159 quam
806 3084 972 3159 Antigonus
986 3081 1027 3146 af·

120 3158 237 3219 futurus
252 3161 413 3219 videbatur.
455 3160 515 3221 Hio
527 3163 661 3220 omnibus
674 3162 872 3232 titubantibus,
891 3171 920 3221 et
934 3161 969 3219 de
983 3180 1026 3221 re·
1048 3167 1067 3222 2

120 3239 174 3297 bus
194 3240 317 3297 summis
335 3238 562 3316 desperantibus,
577 3239 728 3297 Eumenes
741 3240 790 3310 ait,
804 3241 830 3298 si
850 3240 1028 3300 celeritatem

119 3317 210 3376 velint
224 3317 370 3387 adhibere,
385 3327 413 3374 et
427 3318 569 3394 imperata
583 3316 690 3388 faeere,
705 3318 781 3394 quod
802 3328 869 3378 ante
883 3337 940 3378 non
952 3319 1027 3379 sece-

119 3395 185 3466 rint,
199 3414 232 3454 se
247 3414 309 3454 rem
323 3394 536 3472 expediturum.
577 3395 657 3454 Nam
671 3396 747 3472 quod
772 3395 886 3456 diebus
898 3399 1027 3474 quinque

118 3473 208 3532 hostis
221 3474 359 3532 transisse
373 3482 478 3551 posset,
492 3492 524 3531 ee
539 3472 721 3545 effecturum,
737 3486 839 3534 utnon
854 3478 951 3533 minus
964 3475 1027 3532 toti·

117 3550 184 3613 darn
213 3552 329 3611 dierum
354 3551 447 3628 spatio
469 3551 682 3610 retardaretur:
713 3571 804 3629 quere
828 3553 1026 3619 circumirent,

116 3647 244 3708 nsque
257 3630 382 3709 quisque
394 3646 494 3707 copias
506 3630 698 3690 contraheret.
742 3630 791 3689 Ad
816 3628 954 3706 Antigoni
975 3645 1025 3687 au·
1046 3632 1066 3687 ³

596 3708 633 3768 7·
