2378 4036
156 246 179 308 8
508 265 686 309 rubuario.

153 399 281 475 lnl'amia,
308 404 412 481 partim
441 404 562 463 humilia
589 416 673 481 atque
702 408 737 464 ab
767 405 920 465 honestate
951 417 1060 466 remota

114 511 304 586 dponuntur.
355 509 464 568 Contra
488 529 523 567 ea
551 511 688 587 pleraque
712 511 819 568 nostris
843 512 970 569 moribus
995 521 1061 569 sunt

155 612 270 684 decora,
289 632 352 689 quae
374 614 450 690 apud
474 614 542 672 illos
564 615 658 691 turpia
680 625 821 691 putantur.
864 615 960 682 Quem
983 615 1060 673 enim

154 717 349 776 Romanorum
368 718 457 794 pudet
475 737 596 777 uxorem
616 719 723 777 ducere
744 719 775 777 in
796 719 980 778 convivium?
1013 730 1059 779 aut

153 823 236 899 cujus
259 841 318 880 non
341 822 557 883 materfamilias
584 824 707 900 primum
733 824 830 882 locum
852 834 933 881 tenet
957 825 1059 883 aedium

113 931 132 984 7
153 937 238 1003 etque
253 926 284 985 in
298 928 467 986 celebritate
481 930 630 986 versatur?
673 929 761 995 Quod
778 928 867 987 multo
885 929 917 986 fit
931 929 1015 986 aliter
1029 929 1058 987 iu

154 1030 279 1090 Graecia.
321 1032 399 1090 Nam
411 1051 506 1108 neque
520 1032 552 1090 in
566 1033 730 1090 convivium
743 1033 903 1104 adhibetur,
917 1034 976 1091 nisi
994 1053 1058 1109 pro·

151 1138 339 1216 pinquorum3
360 1158 455 1214 neque
470 1139 566 1210 sedet,
579 1138 638 1197 nisi
651 1140 683 1197 in
696 1139 832 1197 interiore
849 1149 930 1216 parte
946 1139 1058 1210 aedium,

152 1261 215 1318 quae
231 1245 411 1323 γυναικωνῖτις
425 1243 594 1319 appelletur,
609 1262 665 1319 quo
679 1262 770 1325 nemo·
780 1243 903 1314 accedit,
916 1244 975 1301 nisi
994 1262 1057 1320 pro-

112 1353 132 1407 8
151 1350 259 1426 pinqua
272 1349 445 1426 cognatione
460 1351 642 1428 conjunctus.
678 1350 740 1408 Sed
752 1349 802 1408 hic
816 1351 899 1428 plura
912 1349 1057 1426 persequi,

100 1502 101 1506 ,
150 1464 211 1514 tum
223 1453 390 1532 magnitudo
404 1453 559 1513 voluminis
578 1453 721 1533 prohibet,
734 1466 795 1513 tum
807 1455 963 1527 festinatio,
977 1465 1009 1513 ut
1022 1475 1057 1513 ea

152 1557 307 1634 explicem,
332 1576 395 1633 quae
420 1574 542 1615 exorsus
568 1577 641 1616 sum,
693 1558 792 1625 Quare
817 1557 854 1616 ad
880 1557 1056 1635 propositum

150 1661 301 1721 veniemus
313 1671 343 1720 et
352 1661 383 1720 in
392 1661 449 1720 hoc
461 1668 639 1739 exponemus
650 1663 723 1721 libro
734 1663 771 1721 de
782 1663 842 1721 vita
852 1664 1056 1722 excellentium

150 1766 368 1848 Imperatorum.
