2378 4036
214 253 257 311 72
451 245 571 310 XVIII.
619 253 645 308 l.
692 245 884 322 (Eumenes.)

211 397 353 458 habuerat
374 400 404 457 iu
428 399 587 458 tribuendis
608 399 697 457 animi
711 399 873 470 virtutibus,
888 400 931 458 sic
955 400 1116 461 maleficam

210 488 314 536 nactur
337 487 380 536 est
400 479 431 536 in
455 497 573 556 corpore
595 477 739 554 fingendo.
781 478 861 536 Nam
882 489 911 536 et
931 489 1043 536 statura
1064 478 1117 539 fuit

211 555 324 626 humili,
336 566 364 614 et
378 575 497 634 corpore
511 558 625 634 exiguo,
641 567 669 614 et
682 556 805 614 claudus
820 557 909 614 altero
923 558 1005 633 pede.
1041 559 1117 625 Quae

211 651 258 693 ree
271 636 358 693 etiam
372 635 541 694 nonnullam
562 634 699 693 afferebat
722 634 947 693 deformitatem:
970 647 1055 712 atque
1076 639 1116 714 ig.

209 713 279 784 noti,
294 712 398 772 faciem
412 714 476 790 ejus
489 733 580 791 quum
601 715 790 784 intuerentur,
806 715 1043 788 contemnebant;
1066 718 1116 793 qui

210 801 308 850 autem
332 793 452 851 virtutes
475 802 622 863 noverant,
647 810 704 850 non
725 802 855 869 poterant
878 792 1015 850 admirari
1035 797 1114 852 satis.

170 872 190 926 2
210 870 296 936 Quod
321 872 348 929 ei
373 890 429 928 usu
443 873 530 942 venit,
552 890 643 947 quum
664 890 805 928 annorum
827 872 970 947 octoginta
990 873 1117 931 subsidio

211 949 312 1008 Tacho
326 951 356 1007 in
367 950 528 1027 AEgyptum
543 952 631 1020 iisset,
643 959 672 1007 et
685 951 715 1006 in
727 960 792 1008 acta
806 969 873 1008 cum
888 951 949 1007 suis
963 951 1114 1010 accubuis

210 1037 253 1086 set
277 1029 339 1086 sine
360 1029 420 1086 ullo
441 1039 534 1102 tecto,
556 1039 735 1104 stratumque
761 1028 879 1086 haberet
901 1029 967 1098 tale,
984 1040 1015 1087 ut
1039 1041 1113 1088 terra

98 1077 146 1207 s-
209 1115 286 1165 tecta
300 1117 375 1183 esset
396 1109 569 1178 stramentis,
588 1126 683 1183 neque
706 1108 764 1165 huc
779 1107 913 1183 ampliuS,
928 1127 1015 1182 quam
1033 1109 1116 1184 pellis

114 1220 151 1259 s(
210 1195 285 1260 esset
308 1187 433 1263 injecta3
465 1186 622 1262 eodemque
647 1186 766 1244 comites
789 1204 888 1243 omnes
913 1186 1116 1245 accubuissent

210 1266 314 1323 vestitu
339 1265 441 1322 humili
466 1274 552 1341 atque
576 1264 710 1335 obsoleto,
736 1275 893 1322 uteorum
917 1276 1035 1322 ornatus
1059 1283 1115 1322 non

209 1343 291 1401 modo
314 1344 345 1401 in
368 1344 413 1401 his
434 1362 532 1420 regem
547 1345 691 1401 neminem
712 1343 897 1419 significaret,
919 1343 969 1400 sed
994 1343 1116 1402 hominis

170 1423 189 1477 3
209 1439 266 1479 non
280 1422 436 1480 beatissimi
449 1423 642 1498 suspicionem
656 1422 806 1499 praeberet.
829 1421 928 1497 Hujus
942 1421 977 1479 de
989 1421 1114 1480 adventu
1135 1490 1137 1494 .

210 1499 289 1558 sama
302 1519 393 1577 quum
409 1501 444 1558 ad
466 1501 560 1578 regios
574 1511 649 1558 esset
663 1500 783 1578 perlata,
799 1500 934 1558 celeriter
947 1519 1070 1558 munera
1081 1521 1115 1559 eo

183 1579 185 1584 ’
209 1579 353 1659 cujusque
373 1580 489 1657 generis
503 1588 570 1637 sunt
591 1580 689 1638 allata.
731 1578 787 1637 His
800 1579 996 1656 quaerentibus
1011 1580 1113 1656 Agesi-

209 1657 290 1716 laum
304 1659 353 1716 vix
367 1658 439 1716 fides
460 1657 536 1716 facta
550 1667 601 1728 est,
617 1676 709 1716 unum
723 1677 786 1715 esse
800 1677 837 1715 ex
851 1658 905 1728 his,
920 1658 971 1733 qui
991 1668 1053 1715 tum
1068 1677 1113 1716 ac·

170 1740 189 1794 4
209 1737 364 1796 cubabant.
406 1737 468 1803 Qui
481 1755 573 1814 quum
587 1738 664 1815 regis
684 1736 788 1806 verbis,
803 1755 869 1812 quae
890 1736 1053 1806 attulerant,
1067 1736 1113 1794 de·

209 1815 325 1886 dissent,
340 1816 391 1874 ille
405 1825 509 1894 praeter
519 1815 641 1874 vitulina
655 1824 683 1873 et
696 1814 860 1890 hujusmodi
874 1833 983 1892 genere
996 1815 1113 1890 opsonii,

114 1930 120 1937 -
209 1913 276 1970 quae
301 1913 428 1972 praesens
454 1904 568 1972 tempus
589 1893 778 1964 desiderabat,
803 1893 874 1950 nihil
899 1894 1029 1968 accepit3
1064 1912 1113 1951 un-

209 1983 326 2050 guenta,
336 1993 466 2042 coronas,
480 1972 695 2049 secundamque
706 1990 836 2030 mensam
850 1972 942 2029 servis
955 1971 1112 2048 dispertiit;

170 2054 189 2108 5
209 2061 308 2109 cetera
330 2050 432 2110 referri
450 2051 546 2127 jussit.
599 2051 667 2117 Quo
691 2049 767 2109 facto
791 2069 859 2108 eum
883 2050 999 2107 barbari
1023 2052 1115 2129 magis

209 2129 296 2186 etiam
311 2138 535 2199 contemserunt,
550 2129 625 2206 quod
651 2148 718 2187 eum
740 2129 901 2207 ignorantia
918 2129 1057 2186 bonarum
1072 2147 1114 2186 re·

168 2210 187 2264 6
208 2224 273 2263 rum
288 2206 338 2264 illa
353 2207 530 2284 potissimum
541 2209 697 2285 sumpsisse
709 2208 932 2266 arbitrabantur.
954 2206 1013 2265 Hic
1024 2226 1115 2284 quum

148 2317 149 2320 ¹
208 2303 245 2343 ex
266 2284 394 2363 AEgypto
419 2296 620 2358 reverteretur,
641 2286 762 2345 donatus
783 2306 800 2344 a
821 2304 890 2363 rege
915 2285 1115 2344 Nectanabide

209 2363 343 2422 ducentis
367 2364 470 2442 viginti
494 2364 618 2436 talentis,
644 2383 710 2442 quae
733 2365 784 2422 ille
808 2365 922 2422 muneri
943 2365 1048 2440 populo
1063 2383 1115 2422 suo

208 2441 299 2512 daret,
314 2443 495 2519 venissetque
518 2438 549 2502 in
572 2454 695 2522 portum,
710 2444 760 2520 qui
782 2442 908 2501 Menelai
922 2452 1052 2512 vocatur,
1071 2443 1114 2519 ja-

208 2538 279 2578 cens
292 2521 367 2578 inter
380 2520 513 2596 Cyrenas
526 2533 555 2582 et
573 2523 744 2600 AEgyptum,
759 2523 789 2578 in
804 2521 936 2579 morbum
957 2521 1116 2598 implicitus

168 2603 187 2656 7
208 2597 341 2657 decessit.
384 2598 428 2658 lbi
442 2619 511 2658 eum
525 2602 622 2672 amici,
636 2619 694 2678 quo
708 2600 842 2677 Spartam
857 2598 974 2657 facilius
988 2598 1115 2676 perferre

208 2687 330 2756 possent,
345 2677 421 2755 quod
443 2679 501 2737 mel
525 2698 582 2738 non
602 2679 753 2750 habebant,
769 2697 838 2736 cera
856 2675 1116 2749 circumfuderunt,

208 2766 294 2836 atque
308 2757 349 2815 ita
362 2756 477 2815 domum
486 2757 663 2816 retulerunt.

367 3156 568 3234 XVIII.
618 3156 965 3233 EUMENES.

170 3475 185 3529 1
248 3467 272 3528 l.
296 3466 445 3539 Eumenes,
469 3468 638 3528 Cardianus.
681 3470 779 3547 Hujus
802 3471 827 3529 sl
851 3471 951 3529 virtuti
975 3488 1029 3546 par
1052 3469 1124 3528 data'

208 3556 284 3607 esset
297 3545 421 3616 fortuna,
434 3565 490 3604 uon
505 3547 554 3605 ille
568 3549 685 3625 quidem
694 3549 794 3626 major,
809 3549 859 3607 sed
874 3548 965 3606 multo
978 3548 1119 3608 illustrior

197 3634 292 3703 etque
312 3625 403 3686 etlam
427 3625 610 3690 honoratior:
630 3626 706 3704 quod
727 3644 847 3705 magnos
867 3627 998 3688 homines
1011 3625 1117 3693 viriato
