2378 4036
168 273 229 335 100
273 266 382 332 XXV.
425 275 455 342 θ,
471 273 499 330 7.
546 264 598 350 (Τ.
614 263 809 350 Pomponius
823 265 971 349 Atticus.)

161 419 201 487 Q.
216 419 317 478 Tullio
330 419 481 478 Ciceroni:
502 437 609 493 easque
624 419 738 494 nuptias
760 418 801 475 M.
816 418 920 476 Cicero
933 421 1064 478 concilia·

161 509 215 568 rat,
230 517 299 556 cum
323 515 419 574 quoa
440 497 670 574 condiscipulatu
685 497 802 554 vivebat
825 497 1066 571 conjunctissime,

161 576 251 634 multo
265 577 354 634 etiam
375 574 556 644 familiarius,
571 593 659 651 quam
673 592 741 632 oum
755 574 874 644 Quinto,
891 587 921 633 ut
942 577 1066 651 judicari

160 656 255 733 possit,
281 655 347 731 plus
370 655 400 710 in
426 654 553 711 amicitia
579 653 675 710 valere
700 653 917 711 similitudinem
945 675 1066 725 morum,

122 737 140 790 4
159 750 247 810 quam
263 732 440 790 affinitatem.
473 731 614 791 Utebatur
628 742 723 790 autem
738 733 838 789 intime
852 732 891 797 Q.
905 733 1066 803 Hortensio,

159 811 210 888 qui
224 811 269 868 his
289 811 464 888 temporibus
485 811 679 887 principatum
701 810 872 885 eloquentiae
892 813 1015 881 tenebat,
1036 823 1067 869 ut

160 889 281 967 intelligi
295 908 351 946 non
366 899 469 967 posset,
486 900 551 946 uter
561 908 628 946 eum
653 889 718 966 plus
739 889 881 965 diligeret,
896 889 1008 960 Cicero,
1027 876 1079 948 ἶιῖ

159 967 350 1026 Hortensius:
382 958 470 1037 aad,
492 967 566 1042 quod
592 978 656 1025 erat
680 967 893 1038 difficillimum,
913 970 1066 1040 efficiebat,

159 1057 199 1116 ut,
214 1047 289 1104 inter
302 1065 375 1123 quos
395 1058 483 1104 tantae
496 1045 591 1104 laudis
605 1057 681 1104 esset
701 1046 857 1115 aemulatio,
880 1041 1067 1114 nulla‘Tn'ter-

32 1123 56 1185 l
149 1103 277 1202 Q
288 1125 465 1195 obtrectatio,
481 1136 613 1202 essetque
628 1126 731 1183 talium
746 1125 875 1182 virorum
890 1126 1004 1204 copula.

125 1209 136 1262 l
198 1203 252 1262 vl.
275 1203 307 1262 ln
315 1205 465 1280 republica
477 1206 517 1261 ita
526 1213 658 1262 versatus
667 1215 719 1272 est,
731 1214 885 1285 utsemper
895 1207 1067 1281 optimarum

158 1283 283 1360 partium
297 1293 326 1341 et
340 1295 415 1340 esset
429 1294 457 1340 et
470 1267 695 1369 mistim-agetur,
710 1301 804 1359 neque
819 1293 915 1340 tamen
929 1304 960 1340 se
975 1285 1066 1342 civili-

158 1361 212 1418 bus
226 1352 583 1433 fluctibrffi'ffimmitte'ret,
599 1362 675 1438 quod
700 1380 756 1423 non
771 1362 865 1438 magis
885 1381 933 1419 eos
958 1364 988 1419 in
1013 1383 1067 1420 sua

157 1448 294 1517 potestate
319 1429 501 1498 existimabat
527 1460 600 1511 esse,
621 1441 672 1516 qui
696 1460 727 1498 se
742 1441 787 1498 his
806 1439 957 1509 dedissent,
979 1460 1067 1516 quam

118 1519 208 1596 2qui
232 1520 384 1577 maritimis
402 1519 593 1596 jactarentur.
637 1519 770 1578 Honores
792 1536 847 1577 non
872 1520 960 1595 petiit,
975 1539 1066 1594 quum

153 1597 185 1655 'ei
208 1607 339 1674 paterent
361 1609 476 1675 propter
492 1599 538 1656 vel
562 1599 686 1675 gratiam
707 1597 752 1655 vel
772 1597 956 1674 dignitatem:
990 1598 1065 1673 quod

157 1693 252 1752 neque
266 1677 323 1753 peti
339 1696 418 1735 more
433 1677 585 1753 majorum,
600 1695 694 1753 neque
709 1677 773 1752 oapi
788 1686 899 1753 possent
915 1695 1066 1734 conserva-

157 1755 195 1812 tis
215 1754 337 1832 legibus,
354 1757 383 1812 in
408 1765 467 1813 tam
488 1755 587 1814 effusis
601 1756 725 1813 ambitus
750 1755 958 1832 largitionibus,
973 1774 1067 1830 neque

157 1834 221 1911 geri
235 1835 411 1910 erepublica
420 1836 482 1893 sine
492 1835 630 1912 periculo,
642 1835 784 1911 corruptis
793 1834 919 1891 civitatis
928 1835 1064 1891 moribus.

118 1915 137 1970 3
159 1912 207 1969 Ad
222 1913 335 1970 hastam
360 1915 507 1990 publicam
527 1932 687 1989 numquam
709 1913 839 1970 accessit.
881 1911 1003 1969 Nullius
1025 1914 1065 1969 rei

157 2008 252 2066 neque
267 2010 350 2068 praes,
365 2011 459 2066 neque
474 2011 613 2067 manceps
633 1990 728 2049 factus
742 2001 795 2048 est.
838 1990 995 2048 Neminem
1016 2009 1064 2047 ne-

158 2087 215 2144 que
230 2088 282 2126 suo
296 2071 420 2138 nomine,
436 2089 530 2146 neque
551 2071 745 2140 subscribens,
762 2069 921 2127 accusavit.
964 2067 997 2125 In
1017 2069 1065 2143 jus

118 2151 137 2205 4
158 2147 193 2202 de
207 2165 262 2203 sua
276 2165 308 2203 re
322 2165 483 2222 numquam
496 2148 547 2219 iit;
568 2147 711 2223 judicium
726 2148 839 2205 nullum
854 2147 963 2204 habuit.
990 2146 1064 2204 Mul-

157 2234 252 2282 torum
276 2225 429 2282 consulum
453 2237 666 2303 praetorumque
689 2226 877 2303 praefeoturas
900 2225 1009 2283 delatas
1021 2245 1065 2308 {¹9

19 2325 118 2345 -·-
158 2303 279 2379 accepit,
303 2314 335 2360 ut
348 2305 495 2360 neminem
516 2305 545 2360 in
567 2306 745 2382 provinciam
761 2307 798 2362 sit
818 2315 944 2372 secutus,
961 2305 1065 2361 honore

19 2416 101 2463 l
152 2380 245 2458 [Μὴ
259 2381 419 2452 contentus,
435 2384 478 2440 rei
501 2383 653 2440 familiaris
666 2383 716 2440 des
753 2368 993 2440 Mum:
1015 2385 1065 2458 qui

156 2478 193 2517 ue
218 2478 286 2517 cum
311 2460 350 2527 Q.
376 2461 492 2537 quidem
514 2462 655 2520 Cicerone
680 2403 804 2520 vffie'r‘it
825 2463 868 2518 ire
893 2461 923 2517 in
951 2461 1063 2530 Asiam,

156 2556 246 2614 quum
271 2539 346 2616 apud
371 2558 439 2596 eum
464 2540 553 2617 legati
577 2541 675 2599 locum
698 2541 826 2598 obtinere
851 2549 954 2615 posset.
997 2537 1064 2596 Non

156 2617 235 2695 enim
257 2617 362 2675 decere
382 2637 413 2675 se
438 2619 641 2690 arbitrabatur,
667 2637 757 2694 quum
782 2629 938 2696 praeturam
961 2636 1064 2694 gerere

117 2700 136 2754 5
156 2695 303 2766 noluisset,
320 2697 462 2754 asseclam
473 2717 535 2755 esse
550 2699 688 2774 praetoris.
730 2697 800 2762 Qua
813 2697 843 2753 in
858 2715 889 2754 re
900 2714 955 2753 nou
970 2696 1064 2753 solum

156 2773 288 2854 dignitati
302 2776 454 2845 serviebat,
469 2776 519 2833 sed
534 2777 621 2834 etiam
635 2776 845 2850 tranquillitati,
860 2793 952 2850 quum
972 2775 1063 2850 suspi-

155 2856 254 2914 ciones
273 2873 388 2932 quoque
413 2856 516 2913 vitaret
540 2855 705 2913 criminum.
748 2853 982 2937 quebatffll
1001 2853 1063 2928 ejus

33 2992 38 3025 ι
61 2898 107 2991 s‘
154 2935 337 2992 observantia
350 2935 484 2992 omnibus
497 2944 572 3013 esset
585 2934 689 3004 carior,
704 2952 795 3010 quum
809 2951 875 2990 eam
889 2931 992 3000 officio,
1008 2949 1063 2989 non

155 3014 251 3071 timori
265 3032 360 3091 neque
374 3015 435 3090 spei
448 3013 537 3070 tribui
551 3012 691 3070 viderent.

118 3095 133 3148 1
195 3091 263 3150 VII.
284 3092 387 3151 Incidit
401 3092 601 3150 Caesarianum
616 3092 704 3148 civile
729 3090 848 3160 bellum,
864 3107 955 3164 quum
976 3088 1062 3145 habe·

156 3179 199 3226 ret
214 3189 303 3228 annos
317 3173 435 3230 circiter
448 3173 607 3248 sexaginta.
649 3169 728 3229 Usus
742 3180 786 3226 est
800 3169 890 3226 aetatis
901 3167 1061 3237 vacatione,

156 3264 250 3322 neque
265 3249 324 3325 [se]
339 3269 484 3325 quoquam
503 3251 591 3308 movit
605 3268 642 3307 ex
657 3249 739 3306 urbe.
781 3247 857 3314 Quae
878 3245 980 3302 amicis
1002 3246 1063 3302 suis

154 3343 226 3400 opus
249 3324 363 3385 fuerant
387 3329 422 3385 ad
448 3328 614 3405 Pompeium
639 3326 894 3404 proficiscentibus,
908 3324 1005 3381 omnia
1026 3342 1063 3381 ex

155 3421 261 3460 snare
287 3403 424 3462 familiari
444 3406 531 3464 dedit.
573 3406 671 3482 Ipsum
693 3405 861 3481 Pompeium
874 3402 1062 3478 conjunctum

155 3499 210 3540 non
222 3479 354 3540 offendit:
376 3483 490 3540 nullum
505 3484 610 3560 [enim]
627 3485 663 3541 ab
672 3498 706 3541 eo
720 3483 843 3540 habebat
851 3492 1062 3549 ornamentum,

156 3570 188 3620 ut
198 3561 297 3632 ceteri,
307 3562 356 3638 qui
371 3579 499 3638 pereum
514 3573 565 3619 aut
577 3563 707 3632 honores,
718 3571 768 3618 aut
781 3560 898 3618 divitias
908 3569 1061 3636 ceperant3

147 3656 277 3714 quorum
298 3641 407 3718 partim
431 3639 595 3699 invitissimi
619 3648 807 3698 contraeunt
833 3639 936 3709 monti,
959 3639 1061 3715 partita
