2378 4036
335 250 378 313 11.
415 259 445 327 2,
461 258 492 315 3.
528 251 793 333 (tumentes.)
987 261 1025 321 lo

119 398 263 457 sarriens.
305 397 469 455 Multumin
479 397 599 474 judiciis
612 399 731 474 privatis
741 401 925 470 versabatu13
946 419 1025 478 stopa

119 477 152 535 in
165 477 340 535 concionem
358 476 458 551 populi
474 476 623 551 prodibat;
643 478 724 535 nulla
738 497 787 536 res
805 480 896 556 major
909 480 973 538 aine
988 498 1025 538 eo

120 557 283 632 gerebatur,
313 555 514 629 celeriterque,
544 573 607 630 quie
634 573 706 631 opus
734 566 824 627 erant,
850 557 1023 634 reperiebat.

121 635 227 708 Neque
240 634 336 690 minus
350 633 380 689 in
394 634 480 690 rebus
501 634 638 708 gerendis
657 645 794 708 promtus,
808 654 893 710 quam
907 637 1024 713 excogi-
1045 641 1062 696 t

121 713 226 782 tundis,
241 722 312 783 erat,
325 711 401 785 quod
421 722 451 768 et
469 711 506 769 de
524 712 696 770 instantibus
711 714 754 789 (ut
768 714 808 770 ait
821 713 1024 792 Thucydides)

124 791 274 849 verissime
292 790 449 866 judicabat,
464 800 493 846 et
509 790 546 847 de
565 790 667 848 futuris
682 791 871 850 callidissime
887 794 1025 870 conjicie-

123 872 179 927 bat.
221 870 288 934 Quo
301 869 408 926 facturn
421 878 476 938 est,
490 880 521 925 ut
533 869 615 926 brevi
627 880 756 944 tempore
771 871 969 928 illustraretur.

160 949 202 1006 II.
233 948 348 1005 Primus
362 957 457 1004 autem
471 947 575 1022 gradus
588 947 642 1004 fuit
655 948 843 1022 capessendae
857 949 1024 1024 reipublice
1049 979 1060 1008 r

123 1028 199 1084 bello
222 1027 393 1101 Corcyraeo:
420 1025 456 1082 ad
479 1025 555 1100 quod
575 1026 733 1101 gerendum
755 1037 858 1102 pretor
878 1046 896 1083 a
918 1030 1024 1103 populo

122 1106 215 1162 sactus
228 1123 287 1161 non
301 1105 394 1161 solum
406 1104 642 1179 praesentibello,
656 1105 709 1161 sed
728 1105 816 1162 etiam
829 1105 940 1180 reliquo
953 1118 1024 1164 tern-

122 1203 191 1260 pore
206 1183 378 1240 ferociorem
390 1182 515 1240 reddidit
529 1183 683 1239 civitatem.
709 1183 786 1240 Nam
799 1203 886 1258 quum
899 1185 1024 1260 pecunia
1043 1191 1061 1243 2

122 1262 247 1338 publica,
269 1280 332 1336 quae
355 1280 392 1318 ex
411 1260 537 1318 metallis
559 1261 679 1330 redibat,
699 1262 851 1338 largitione
875 1263 1025 1338 magistra·

122 1354 200 1399 tuum
214 1339 365 1415 quotannis
379 1339 517 1408 interiret,
530 1339 581 1396 ille
594 1340 739 1415 persuasit
751 1342 866 1416 populo,
879 1352 911 1398 ut
924 1347 960 1398 ea
973 1360 1024 1416 pe-

123 1420 207 1477 cunia
218 1419 324 1476 classis
336 1429 452 1476 centum
464 1417 581 1474 navium
592 1418 789 1476 aedificaretur.
812 1420 878 1487 Qua
889 1421 1024 1478 celeriter
1044 1425 1061 1478 3
1145 1436 1148 1442 ·

123 1498 237 1567 effecta,
249 1498 370 1573 primum
381 1498 550 1572 Corcyraeos
562 1495 656 1572 fregit,
668 1496 772 1554 deindo
783 1499 939 1556 maritimos
952 1517 1024 1574 prae·

123 1577 213 1634 dones
237 1575 431 1633 consectando
452 1594 530 1632 mare
552 1586 641 1632 tutum
663 1575 796 1634 reddidit.
837 1577 873 1654 In
890 1596 946 1652 quo
964 1588 1024 1634 tum

123 1655 232 1712 divitiis
243 1655 363 1724 ornavit,
374 1666 433 1711 tum
444 1653 531 1711 etiam
541 1653 733 1729 peritissimos
747 1656 818 1712 belli
827 1656 939 1712 navalis
954 1655 1024 1712 fecit

124 1734 330 1791 Athenienses.
371 1733 407 1790 Id
429 1743 540 1808 quautae
565 1733 651 1790 saluti
675 1732 761 1789 suerit
781 1734 923 1790 universae
944 1734 1061 1792 Gra-4

123 1813 184 1881 ciae,
199 1813 277 1869 bello
292 1812 437 1887 cognitum
451 1822 496 1869 est
518 1812 650 1879 Persico,
664 1804 756 1884 qir'u‘m'
772 1810 888 1867 Xerxes
906 1822 935 1867 et
952 1812 1024 1868 mari

123 1903 150 1948 et
168 1904 246 1948 terra
267 1892 375 1947 bellum
394 1891 535 1948 universae
555 1889 675 1946 inferret
696 1889 820 1964 Europae
841 1907 917 1965 cum·
967 1914 1004 1954 431

123 1971 207 2027 tantis
222 1969 326 2044 copiis,
340 1979 460 2043 quantas
473 1988 569 2043 neque
585 1979 679 2037 antea,
694 1987 789 2042 neque
803 1976 906 2043 postea
943 1974 963 2002 ⁸·
972 1965 996 2004 ⁰·
1005 1977 1026 2005 ¹²·

123 2048 220 2106 habuit
233 2047 393 2122 quisquam.
435 2048 530 2124 Hujus
550 2048 628 2105 enim
647 2046 752 2105 classis
770 2047 850 2104 mille
870 2057 899 2104 et
916 2047 1024 2104 ducen·
1044 2049 1062 2101 5

123 2140 212 2184 tarum
224 2127 343 2184 navium
361 2128 511 2203 longarum
530 2127 592 2196 suit,
606 2145 691 2201 quam
704 2126 760 2183 duo
780 2125 861 2183 milia
879 2126 1023 2184 oneraria·

123 2225 182 2263 rum
206 2207 417 2280 sequebantu13
451 2216 603 2262 terrestres
628 2216 723 2262 autem
747 2205 891 2263 exercitus
916 2206 1023 2282 septin-

125 2295 272 2360 gentorum
298 2284 409 2342 milium
437 2285 576 2360 peditum,
601 2284 726 2358 equitum
752 2284 1024 2361 quadringentorum

125 2364 232 2422 milium
253 2363 376 2420 fuerunt.
418 2364 508 2439 Cujus
523 2363 559 2420 de
574 2363 697 2420 adventu
710 2382 796 2437 quum
809 2363 885 2420 sama
898 2363 928 2420 in
944 2363 1062 2422 Grae-6
1105 2379 1107 2385 ⁸

127 2443 197 2499 ciam
207 2453 291 2499 esset
303 2443 422 2517 perlata,
433 2452 463 2500 et
475 2442 598 2498 maxime
610 2441 807 2499 Athenienses
820 2441 881 2517 peti
892 2441 1024 2500 diceren-

128 2531 166 2578 tur
186 2530 304 2596 propter
326 2539 451 2596 pugnarn
472 2519 700 2578 Marathoniam:
730 2520 870 2578 miserunt
891 2519 1023 2597 Delphos

130 2600 295 2668 consultum,
306 2599 440 2673 quidnam
454 2599 584 2656 lacerent
597 2598 633 2655 de
648 2601 733 2657 rebus
748 2598 820 2656 suis.
852 2599 1024 2656 Deliberan-

131 2676 197 2735 tibus
213 2677 321 2753 Pythia
334 2678 491 2752 respondit,
504 2688 536 2734 ut
548 2678 689 2735 moenibus
702 2677 809 2752 ligneis
823 2697 856 2734 se
870 2676 1023 2735 munirent.

135 2755 160 2812 ld
184 2775 357 2831 responsum
383 2775 439 2830 quo
466 2757 586 2826 valeret,
614 2774 701 2830 quum
726 2756 901 2832 intelligeret
928 2774 1023 2826 nemo,
1044 2761 1062 2813 7

135 2832 340 2892 Themistocles
358 2834 511 2910 persuasit,
526 2835 679 2892 consihurn
693 2853 761 2892 esse
776 2834 930 2909 Apollinis,
944 2844 976 2890 ut
993 2834 1024 2891 in

137 2928 214 2970 naves
225 2932 259 2970 se
271 2932 379 2987 suaque
392 2913 571 2970 conferrent:
594 2932 660 2970 eum
674 2913 752 2970 enim
766 2931 783 2968 a
796 2913 852 2970 deo
865 2911 1024 2986 significari

139 3005 235 3047 murum
247 2991 386 3066 ligneum.
408 2992 476 3048 Tali
490 2991 613 3048 consilio
626 2993 754 3066 probato,
768 2990 875 3046 addunt
888 2989 924 3044 ad
938 3007 1023 3064 supe·
1044 2995 1062 3048 8

141 3064 216 3124 riores
227 3069 345 3126 totidem
354 3088 445 3126 naves
456 3070 597 3139 triremes,
608 3088 717 3142 suaque
728 3067 833 3136 omnia,
843 3085 904 3140 quae
915 3069 1023 3126 moveri

143 3153 263 3217 poterant,
286 3147 389 3223 partim
411 3149 567 3217 Salamina,
580 3147 684 3222 partim
700 3147 842 3202 Troezena
860 3157 1023 3221 asportant;

145 3237 224 3281 arcem
237 3226 434 3284 sacerdotibus
454 3226 612 3300 paucisque
631 3224 785 3300 majoribus
799 3233 876 3295 natu,
890 3244 925 3283 ac
939 3245 1024 3284 sacra

146 3304 304 3368 procuranda
317 3304 438 3374 tradunt,
451 3305 592 3378 reliquum
605 3303 742 3377 oppidum
754 3302 925 3377 relinquunt.

176 3375 225 3462 ill.
244 3382 340 3458 Hujus
349 3383 504 3439 consilium
513 3383 658 3456 plerisque
669 3380 831 3438 civitatibus
843 3381 1025 3456 displicebat,
1048 3379 1059 3440 l

150 3459 281 3516 etuterra
291 3461 422 3516 dimicari
432 3460 524 3534 magis
538 3461 680 3533 placebat.
714 3460 814 3532 Itaque
824 3459 908 3516 missi
940 3497 1025 3538 mm

152 3535 380 3595 uutdeleeticum
389 3538 529 3607 Leonida,
540 3537 907 3610 Lacedaemomommrege,
944 3546 1028 3635 ὦ»,

153 3607 391 3693 lui'l'hermopylas
400 3626 585 3690 occuparent,
594 3615 763 3689 longiusque
772 3613 908 3670 barbaros
