2378 4036
396 307 401 317 .
427 247 521 317 xlv‘
543 255 571 314 1.
618 249 807 328 (Datames.)
1026 255 1070 315 ω

341 629 482 710 xlv,
538 629 938 738 uiuamus

464 981 776 1042 ARGUMENTUM.

170 1113 267 1174 GAP.
283 1112 311 1172 Ι.
332 1111 412 1171 Inter
424 1112 602 1170 barbarorum
616 1113 699 1189 daces
708 1111 798 1189 facile
812 1114 994 1173 clarissimas.
1034 1114 1072 1176 In

207 1193 284 1263 dalla,
299 1203 394 1250 contra
412 1192 553 1248 Cadusios
562 1202 652 1267 gasto,
671 1190 835 1269 magnificia
845 1193 906 1267 ejas
918 1213 1008 1271 apara,
1021 1214 1074 1271 qao

198 1269 311 1350 factam
335 1281 386 1341 cst,
409 1281 577 1348 atpatcrna
601 1272 628 1327 ai
656 1271 810 1328 traderetur
829 1273 984 1349 prouincia.
1026 1271 1071 1331 ΙΙ.

210 1349 321 1428 Thyna
330 1350 467 1427 dynastam
476 1348 678 1427 Paphlagonia
689 1351 780 1407 vivam
793 1353 875 1428 capit.
910 1350 972 1408 III.
1000 1351 1074 1430 Cap·

208 1439 266 1486 tam
289 1428 327 1486 ad
347 1448 438 1505 ragam
460 1428 582 1485 adducit.
629 1428 727 1505 Capic's
740 1429 778 1486 ad
791 1428 887 1486 ballam
901 1429 1074 1509 AEgyptiam

203 1508 365 1588 proficitur.
378 1545 384 1558 ι
395 1506 452 1564 IV.
473 1507 640 1565 Revocatur.
669 1509 771 1584 Aspim
788 1507 976 1586 Cappadocem
989 1511 1072 1587 capit.

213 1585 249 1643 V.
262 1585 425 1643 Aulicoram
435 1586 556 1644 insidias
566 1586 686 1655 edoctus,
698 1586 901 1664 Cappadociam
911 1598 938 1645 ct
948 1587 1073 1665 Papam-

205 1667 318 1742 gom'am
338 1665 394 1722 sibi
413 1675 535 1742 occupat.
580 1663 632 1721 VI.
654 1663 690 1721 Im
707 1665 775 1722 bollo
796 1667 931 1723 aduersas
951 1665 1073 1724 Pisidas

209 1743 430 1902 ‹plap'lttitfpilpfoclm
471 1743 637 1835 Proditorps
650 1754 677 1800 et
697 1744 790 1878 bagms
809 1744 935 1879 Pizsidp}
951 1756 1072 1879 apparat.

277 1865 284 1879 .
397 1843 424 1880 w
444 1834 512 1880 mata
531 1843 649 1880 mammo
707 1833 808 1879 octar.
934 1865 941 1879 .
1000 1841 1074 1881 acam

208 1841 749 1972 Persarum,concrasmnissompiicic.
779 1899 839 1958 IX.
855 1899 1075 1978 Rogisimsidias

209 1980 308 2038 callide
331 1982 411 2037 vitat.
453 1979 495 2037 X.
517 1981 695 2038 Mithridatis
712 1980 774 2038 dolo
798 1982 916 2059 capitur.
956 1978 1017 2037 XI.
1037 1978 1075 2038 Ia
1104 2046 1105 2052 χ

209 2058 340 2135 colloquio
351 2057 543 2137 perfraadem
556 2060 698 2117 occiditur.

209 2217 234 2276 Ι.
276 2215 372 2275 Venio
398 2235 475 2274 nunc
502 2216 539 2274 ad
566 2217 751 2275 fortissimum
778 2216 869 2275 virum
901 2217 1074 2294 maximique
1097 2223 1110 2277 1

171 2297 287 2356 consilii
300 2296 427 2353 omnium
439 2296 630 2366 barbarorum,
645 2295 776 2372 exceptis
791 2296 900 2354 duobus
924 2296 1074 2374 Carthagi·

169 2375 329 2445 aiensibus,
344 2374 512 2432 Hamilcare
527 2385 556 2432 et
569 2374 744 2433 Hannibale.
786 2375 833 2433 De
847 2394 903 2450 quo
915 2375 972 2433 hoc
992 2377 1075 2451 plura
1093 2381 1112 2435 2

170 2454 338 2524 referemus,
352 2453 427 2528 quod
440 2453 470 2510 et
491 2453 657 2511 obscuriora
670 2463 736 2511 sunt
754 2455 816 2530 ejus
832 2464 916 2530 gesta
928 2455 1074 2531 pleraque,

171 2544 200 2591 et
214 2553 259 2604 aa,
267 2550 332 2610 quoe
344 2550 481 2608 prospere
492 2531 520 2590 si
535 2543 695 2603 cesserunt,
703 2551 761 2590 uon
771 2532 966 2608 magnitudine
978 2533 1074 2610 copia·

169 2629 240 2682 rum,
254 2611 309 2669 sed
323 2610 448 2680 consilii,
458 2629 514 2685 quo
526 2621 587 2668 tum
600 2629 701 2668 omnes
715 2613 877 2687 superabat,
885 2611 1073 2683 accidoruut3

169 2708 288 2766 quorum
311 2689 369 2747 nisi
395 2689 468 2746 ratio
492 2689 637 2765 explicata
660 2689 754 2760 suerit,
778 2709 826 2748 res
850 2709 989 2766 apparare
1011 2708 1075 2768 ‚non

169 2778 311 2845 poterunt.
367 2768 514 2839 Datames,
536 2778 616 2844 patre
646 2769 821 2840 Camissare,
844 2770 961 2827 natione
987 2769 1112 2839 Care,3

169 2857 260 2905 matrs
286 2846 443 2923 Scythissa
464 2858 558 2917 natus,
581 2847 703 2923 primum
728 2848 850 2906 militum
872 2865 992 2905 numero
1020 2846 1074 2904 fuit

169 2926 246 3003 apud
266 2927 456 2984 Artaxerxem
470 2943 577 2996 aarum,
589 2926 638 3000 qui
658 2925 768 3002 regiam
787 2927 945 2983 tuebantur.
987 2925 1075 2982 Pater

170 3005 234 3082 ejus
250 3005 443 3074 Camissares,
456 3004 532 3078 quod
547 3015 576 3062 et
590 3005 781 3076 manufortis,
795 3016 825 3061 et
837 3004 915 3061 bello
929 3013 1072 3075 strenuus,

170 3094 199 3142 et
210 3083 276 3160 regi
289 3083 386 3140 multis
400 3084 474 3140 locis
488 3083 584 3141 fidelis
599 3093 660 3141 orat
682 3094 813 3158 repertus
838 3080 936 3139 habuit
959 3081 1073 3158 provin·

170 3162 246 3220 ciam
258 3171 370 3239 partem
384 3160 498 3219 Cilicia
514 3163 597 3238 juxta
611 3162 836 3238 Cappadociam,
847 3178 932 3235 quam
944 3161 1074 3220 incolunt

170 3240 342 3318 Leucosyri.
385 3240 667 3311 Datimss‚mi1itare
680 3259 783 3298 munus
796 3239 929 3316 fungens,
943 3239 1073 3316 primum,
1093 3246 1109 3301 4

169 3319 264 3394 qualis
277 3314 367 3389 asset,
382 3319 511 3396 appamit
527 3319 558 3377 in
570 3320 657 3390 bello,
671 3319 747 3395 quod
759 3337 812 3376 rex
825 3319 964 3377 adversus
979 3320 1074 3379 Cadu⁴

170 3398 231 3456 sios
255 3397 358 3474 gessit.
414 3397 546 3473 Namque
574 3397 634 3468 bic,
664 3399 760 3456 multis
788 3397 902 3456 milibus
929 3399 1073 3475 regiorum
1159 3454 1160 3458 ,

170 3475 341 3546 interfectis,
354 3476 452 3552 magni
472 3475 525 3533 fuit
545 3476 609 3552 ejus
623 3494 721 3552 opera.
763 3477 829 3544 Quo
845 3476 951 3534 sactum
965 3487 1019 3546 esc,
1032 3486 1073 3546 ut,

170 3572 256 3630 quum
268 3555 300 3614 in
314 3573 351 3613 eo
365 3555 442 3612 bello
458 3555 617 3614 cecidisset
632 3555 824 3624 emissarios,
836 3564 957 3630 patema
970 3555 999 3612 ei
1018 3563 1074 3630 tia·

112 3632 130 3720 ἱ,
170 3631 459 3725 doceturprovinaia.
642 3712 657 3744 ἢ
