2378 4036
245 305 248 309 ἢ
332 236 424 302 x111.
470 247 499 314 2,
517 245 546 305 s.
590 239 811 320 (remotam.)
979 247 1018 306 ω

120 395 200 463 patre
224 394 374 460 acceptam
399 385 519 461 gloriam
538 385 636 443 multis
657 387 736 442 auxit
755 385 914 445 virtutibus.
957 387 1025 446 Fuit

121 463 200 522 enim
214 463 349 532 disertus,
364 464 494 538 impiger,
513 464 682 533 laboriosus,
697 465 741 521 rei
759 464 890 522 militaris
904 466 1024 541 peritus,

120 561 216 617 neque
230 541 325 598 minus
341 542 466 599 civitatis
480 542 624 618 regendae.
666 543 759 600 Multa
776 542 861 620 hujus
875 556 940 601 sunt
953 563 1024 620 pras·
1043 551 1060 604 2

122 623 199 679 clare
224 621 309 689 sacta,
334 621 388 676 sed
411 620 473 677 haec
494 621 619 678 maxime
644 621 774 678 illustria.
816 622 970 698 Olynthios
994 633 1025 681 et

122 699 281 776 Byzantios
301 699 379 756 bello
400 699 522 774 subegit.
565 700 683 756 Samum
704 700 790 776 cepit,
804 701 833 757 in
848 720 903 774 qua
947 739 984 780 ῃ

122 777 315 854 oppugnanda
325 779 473 853 superiore
487 779 564 835 bello
575 779 771 836 Athenienses
782 780 862 836 mille
874 791 903 837 et
945 789 983 828 ³⁵⁷

122 857 247 914 ducenta
260 856 368 913 talenta
382 853 608 914 consumserant.
650 857 685 914 Id
700 857 750 914 ille
765 858 829 915 sine
844 858 903 914 ulla
926 848 946 876 ⁸·
959 839 983 878 ⁰·
996 849 1011 879 ¹²

122 935 239 1010 publica
251 935 384 1009 impensa
397 935 502 1010 populo
516 935 655 992 restituit:
677 935 816 994 adversus
831 936 934 994 Cotum
947 936 1025 993 bella

123 1013 224 1088 gessit,
238 1014 274 1070 ab
288 1031 379 1087 eoque
393 1014 473 1070 mille
485 1022 514 1070 et
527 1014 651 1071 ducenta
663 1014 771 1071 talenta
780 1015 882 1089 praedae
893 1014 923 1071 in
933 1014 1024 1089 publi·

124 1111 188 1150 cum
202 1092 308 1148 retulit.
345 1092 486 1167 C‘Jzicum
499 1092 650 1149 obsidione
661 1093 801 1150 liberavit.
838 1092 1025 1150 Ariobarzani
1045 1097 1061 1149 3

123 1170 209 1227 simul
224 1189 290 1227 cum
307 1171 446 1246 Agesilao
461 1171 568 1228 auxilio
587 1171 733 1246 profectus
754 1180 816 1229 est:
832 1191 856 1232 ,a
869 1189 925 1245 quo
938 1189 1025 1246 quum

124 1249 204 1306 Laco
225 1249 381 1324 pecuniam
400 1260 575 1306 numeratam
597 1250 770 1324 accepisset,
785 1251 836 1308 ille
851 1249 933 1307 cives
955 1267 1024 1307 suos

124 1346 193 1403 agro
207 1339 291 1401 atque
305 1328 422 1385 urbibus
438 1328 538 1402 augeri
550 1329 658 1398 maluit,
669 1347 754 1402 quam
767 1328 797 1385 id
808 1347 931 1398 sumere,
943 1329 1024 1405 eujus

124 1417 233 1481 partem
246 1406 360 1462 domum
374 1425 456 1464 suam
468 1407 543 1464 ferre
563 1418 672 1483 posset.
713 1408 812 1482 Itaque
834 1408 948 1482 accepit
962 1407 1025 1465 cri-

124 1484 222 1542 thoteu
237 1495 266 1542 et
280 1486 406 1542 Sestum.

163 1564 220 1621 III.
242 1564 324 1621 Idem
340 1565 429 1620 classi
441 1564 593 1640 praefectus
608 1564 827 1623 circumvehens
843 1565 1025 1640 Peloponne·
1048 1568 1061 1621 l

126 1661 197 1711 sum,
226 1642 395 1700 Laconicen
421 1645 582 1718 populatus,
611 1644 737 1701 classem
772 1661 871 1700 eorum
897 1643 1023 1718 fugavit3

127 1719 283 1795 Corcyram
297 1723 350 1779 sub
371 1722 521 1797 imperium
535 1722 757 1779 Atheniensium
776 1720 906 1796 redegit3
954 1745 992 1784 ῃ(

125 1798 279 1873 sociosque
301 1800 379 1856 idem
398 1801 526 1877 adjunxit
550 1801 695 1876 Epirotas,
720 1799 905 1867 Athamanas,
930 1794 987 1834 ⁸⁸⁰·
1000 1805 1022 1833 ¹¹·

127 1877 271 1947 Chaonas,
279 1896 435 1952 omnesque
446 1899 496 1936 eas
510 1890 622 1954 gentes,
633 1897 694 1952 quae
708 1897 786 1934 mare
801 1877 872 1934 illud
883 1876 1024 1952 adjacent.

127 1956 192 2022 Quo
206 1955 283 2014 facto
298 1957 512 2015 Lacedaemonii
526 1958 562 2015 de
578 1957 687 2014 diutina
707 1955 890 2014 contentione
908 1954 1025 2012 destite·
1044 1958 1062 2011 2

126 2045 198 2105 runt,
213 2045 242 2092 et
256 2054 310 2092 sua
323 2047 425 2111 sponte
440 2036 666 2094 Atheniensibus
676 2035 790 2111 imperii
799 2033 906 2090 mariti-
955 2058 992 2097 374

126 2113 165 2170 mi
173 2114 364 2190 principatum
373 2126 596 2184 concesserunt3
611 2133 769 2190 pacemque
778 2113 825 2170 his
834 2113 906 2189 legi·
931 2119 951 2147 ⁸·
964 2109 988 2148 ⁰·
1000 2117 1022 2147 ¹¹·

127 2192 177 2249 bus
202 2193 418 2264 constituemnt,
440 2205 470 2250 ut
491 2193 687 2253 Athenienses
708 2193 780 2250 mari
802 2192 893 2249 duces
916 2199 1024 2248 essent.
1039 2191 1076 2281 ,1
1106 2165 1130 2217 1

127 2270 197 2337 Quae
212 2271 333 2328 victoria
350 2283 441 2331 tantae·
456 2272 507 2329 fuit
522 2272 626 2330 Atticis
646 2273 760 2341 laetitiae,
773 2282 805 2328 ut
825 2282 884 2327 tum
904 2249 1026 2345 pinnum

127 2368 182 2407 arae
196 2349 270 2407 Paci
283 2351 398 2424 publice
411 2351 572 2430 ΜΨ,
584 2351 667 2424 eique
682 2351 745 2408 deae
758 2349 935 2426 pulvinarpit
944 2347 1026 2410 insti

125 2437 223 2485 tutum.
267 2428 357 2504 Cujus
379 2429 473 2486 laudis
497 2440 528 2486 ut
550 2430 688 2486 memoria
708 2438 846 2498 maneret,
870 2425 1025 2484 Timotheo
1046 2428 1063 2481 3

125 2506 240 2582 publice
255 2516 377 2564 statuam
390 2507 420 2564 in
435 2508 495 2565 foro
508 2519 673 2584 posuerunt.
715 2507 773 2574 Qui
787 2506 879 2563 honos
893 2502 961 2562 huic
975 2501 1025 2561 uni

126 2595 191 2642 ante
205 2585 236 2641 id
249 2596 362 2660 tempus
377 2586 513 2662 contigit:
534 2597 573 2656 ut,
584 2605 668 2661 quum
682 2585 756 2662 patri
768 2585 891 2660 populus
905 2595 1026 2640 statuam

125 2664 282 2739 posuisset,
296 2663 357 2721 filio
373 2683 484 2740 quoque
505 2665 595 2722 daret.
637 2665 688 2723 Sic
705 2667 787 2741 juxta
807 2663 902 2740 posita
921 2680 1026 2720 recens

125 2741 177 2799 filii
192 2752 321 2799 veterem
334 2743 423 2818 patris
437 2743 587 2800 renovavit
598 2745 774 2802 memoriam.

164 2820 222 2878 ΙΙΙ.
259 2820 319 2878 Hic
341 2840 427 2896 quum
449 2833 530 2880 esset
554 2841 658 2898 magno
685 2833 763 2892 natu,
790 2832 820 2879 et
843 2818 1026 2894 magistratus
1049 2819 1062 2874 l

124 2917 227 2974 gerere
244 2898 380 2970 desisset,
396 2901 474 2958 bello
489 2899 686 2958 Athenienses
706 2900 831 2974 undique
851 2896 942 2974 premi
961 2904 1027 2952 sunt

125 2977 222 3053 coepti.
254 2976 411 3035 Defecerat
420 2980 525 3036 Samus
538 3001 545 3049 ;
560 2979 706 3037 descierat
714 2979 941 3052 Hellespontus3
957 2971 1027 3031 Phi·

124 3055 220 3133 lippus
238 3056 299 3131 jam
318 3066 378 3112 turn
397 3058 497 3115 valens
519 3058 642 3116 Macedo
666 3058 754 3114 multa
772 3054 957 3112 moliebatur:
979 3050 1026 3108 cui

124 3133 274 3209 oppositus
290 3133 403 3192 Chares
426 3155 512 3210 quum
526 3147 615 3206 esset,
628 3155 687 3193 non
701 3135 772 3192 satis
793 3133 823 3190 in
844 3150 880 3188 eo
900 3128 1026 3208 presidii

124 3213 284 3289 putabatur.
339 3213 387 3270 Fit
412 3214 603 3272 Menestheus
627 3225 738 3290 praetor‚
762 3212 839 3269 filius
863 3209 1026 3285 Iphicratis,
1046 3213 1064 3266 2

124 3309 216 3366 gener
229 3289 389 3363 Timothei,
404 3302 441 3362 et,
459 3303 491 3350 ut
504 3293 541 3350 ad
554 3295 662 3351 bellum
675 3292 884 3368 proficiscatur,
898 3289 1028 3347 decerni·

124 3378 177 3426 tur.
219 3367 299 3426 Huic
314 3369 345 3426 iu
360 3371 512 3429 consilium
532 3371 633 3429 dantur
653 3371 709 3428 duo
723 3389 778 3427 usu
792 3369 907 3445 sapien·
955 3394 995 3433 aar
1119 3440 1120 3443 Ἴ

126 3445 220 3522 tiaque
229 3458 410 3524 prestantes,
419 3468 537 3522 quornm
549 3450 671 3508 consilio
685 3459 820 3517 uteretur,
828 3457 909 3524 pater
933 3453 953 3481 ⁸·
966 3443 991 3482 ⁰·
1003 3453 1025 3482 ¹¹·

126 3535 155 3582 et
174 3544 279 3584 socer:
302 3525 378 3600 quod
398 3527 429 3584 in
448 3527 496 3585 his
517 3539 596 3585 tanta
617 3539 678 3584 erat
698 3526 861 3593 auctoritas,
874 3533 906 3581 ut
926 3539 1030 3597 magna

130 3621 195 3680 apes
209 3615 302 3674 esset,
315 3621 368 3679 per
382 3624 434 3662 eos
448 3607 556 3663 amissa
569 3624 657 3682 posse
672 3602 847 3678 recuperari.
889 3599 1030 3673 iriquum
1049 3601 1068 3656 b
