2378 4036
434 238 460 301 1.
482 242 514 300 4.
536 237 739 318 (Mittam.)
996 248 1031 306 ιι

119 383 230 462 oppida
250 384 359 442 tuende
381 384 558 454 tradidisset,
582 384 696 460 quibus,
719 405 754 444 se
778 404 929 463 oppresso,
952 387 1033 447 nulls

121 482 193 540 spes
216 463 317 521 salutis
339 463 556 538 relinqueretur.
605 463 641 522 In
666 463 723 522 hoc
751 463 804 522 fuit
829 475 889 523 tum
911 485 1032 526 numero

121 541 284 612 Miltiades,
295 561 343 599 cu1
334 541 405 599 illa
419 541 550 599 custodia
564 542 738 600 crederetur.
773 543 833 602 Hic
841 563 928 620 quum
939 545 1033 604 crebri
1053 549 1070 605 ³

83 684 88 691 ,
122 621 261 678 afferrent
272 620 375 690 nuntu
389 621 464 677 male
483 639 545 678 rem
567 639 669 696 gerere
691 621 820 692 Darium,
834 623 982 699 premique
997 626 1032 682 ab

124 699 255 775 Scythis,
270 699 420 757 Miltiades
434 698 562 756 hortatus
578 710 624 756 est
636 699 732 776 pontis
744 701 890 772 custodes,
900 721 937 759 ne
950 699 1053 760 afor-

122 788 192 836 trma
210 778 306 835 datam
325 777 512 834 occasionem
529 777 687 836 liberandae
710 778 831 836 Groeciae
847 780 1032 838 dimitterent.

124 857 247 914 Nam
223 876 250 914 ar
272 875 339 913 cum
365 856 413 913 his
436 856 539 931 copiis,
561 875 632 931 quas
660 875 762 914 secum
783 863 1072 934 transportaverat,4

124 935 274 994 interisset
294 935 411 1005 Darius,
424 953 483 991 non
504 936 597 992 solum
619 935 767 1010 Europam
786 936 847 994 iore
868 947 965 1008 tutam,
981 937 1035 996 sed

124 1014 213 1072 etiam
227 1033 289 1084 eos,
302 1014 351 1088 qui
365 1013 467 1070 Asiam
480 1013 642 1070 incolerent
653 1013 750 1071 Graeci
764 1033 881 1091 genere,
895 1016 1035 1074 liberoso

125 1092 281 1150 Persarum
294 1091 403 1149 futuros
423 1091 617 1149 dominatione
632 1102 662 1149 et
673 1092 813 1168 periculo.
855 1094 890 1152 Id
904 1105 933 1151 et
946 1094 1036 1153 facile*

126 1172 203 1229 effici
222 1190 331 1247 posse;
351 1182 438 1246 ponte
460 1171 538 1228 enim
557 1170 697 1242 rescisso,
718 1190 819 1248 regem
839 1173 886 1231 vel
907 1172 1035 1233 hostiurn

125 1250 210 1320 ferro,
223 1251 271 1308 vel
282 1250 380 1325 inopia
390 1250 492 1324 paucis
506 1248 609 1307 diebus
623 1250 811 1308 interiturum.
846 1251 957 1309 Adhuc
966 1270 1034 1310 cou-
1054 1257 1072 1310 ⁵

127 1294 223 1387 siliurir
236 1348 323 1403 quum
336 1329 466 1404 plerique
481 1329 665 1399 accederent,
681 1329 822 1387 Histiaeus
837 1331 984 1401 Milesius,
994 1349 1033 1389 ne

126 1427 172 1465 res
192 1409 392 1477 conficeretur,
415 1407 534 1476 obstitit,
558 1372 678 1466 diceud:
701 1427 760 1465 non
781 1408 888 1466 idem
880 1410 964 1486 ipsis,
985 1409 1034 1486 qui

127 1505 251 1544 smnmas
266 1485 381 1574 imperii
394 1495 537 1556 tenerent,
551 1486 690 1562 expedire
710 1497 739 1544 et
757 1488 940 1559 multitudini,
958 1487 1034 1579 quod

127 1565 209 1623 Darii
222 1583 313 1641 regno
327 1564 456 1640 ipsorum
474 1565 612 1622 niteretur
626 1565 799 1636 dominati0;
820 1586 876 1642 quo
890 1568 1034 1625 exstincto

125 1644 205 1720 ipsos
227 1653 371 1720 potestate
395 1644 533 1718 expulsos
556 1644 667 1702 civibus
696 1645 757 1702 suis
782 1665 883 1721 poenas
908 1645 1033 1704 daturos.

126 1723 226 1798 Itaque
248 1722 322 1780 adeo
336 1741 370 1780 se
387 1722 541 1779 abhorrere
556 1734 749 1780 coeterorum
770 1724 903 1793 consilio,
916 1735 948 1781 ut
960 1723 1063 1781 nihil

122 1812 205 1878 putet
223 1800 297 1878 ipsis
317 1800 427 1871 utilius,
440 1820 525 1875 quam
547 1801 709 1858 confirmari
727 1820 849 1877 regnum
869 1802 1033 1859 Persarum.

125 1881 223 1957 Hujus
237 1899 323 1955 quum
337 1880 511 1937 sententiam
524 1878 644 1968 plurimi
649 1890 749 1936 essent
760 1879 854 1936 secuti
856 1879 1072 1950 ,llliltiades,6

122 1977 183 2017 non
197 1958 341 2028 dubitans,
349 1969 408 2016 tam
421 1959 518 2015 multis
534 1958 662 2015 consciis
674 1957 711 2014 ad
724 1956 804 2034 regis
815 1976 901 2015 aures
911 1958 1035 2016 consilio

122 2058 178 2096 sue
191 2048 375 2114 perventura,
385 2036 602 2096 Chersonesum
615 2036 739 2111 reliquit,
751 2055 785 2094 ac
796 2055 895 2094 rursus
904 2035 1034 2094 Athenas

122 2117 306 2194 demigravit
348 2117 439 2193 Cujus
460 2116 532 2173 ratio
553 2115 609 2173 etsi
625 2134 683 2173 non
696 2116 794 2186 valuit,
809 2126 905 2174 tamen
918 2133 1035 2193 magno·

117 2215 195 2272 pere
210 2207 256 2254 est
269 2195 422 2264 laudanda,
436 2213 523 2270 quum
537 2194 657 2252 amicior
667 2194 794 2253 omnium
807 2194 941 2266 libertati,
950 2212 1035 2271 quam

121 2295 184 2333 suae
198 2274 286 2332 fuerit
299 2239 494 2332 dominationi.

164 2353 220 2413 lv.
237 2353 344 2412 Darius
359 2362 453 2410 autem
456 2371 558 2426 ,quum
569 2371 606 2409 ex
615 2352 752 2429 Europa
743 2372 774 2411 m
787 2353 889 2411 Asiam
899 2353 1034 2424 redisset,
1057 2358 1071 2412 l

118 2432 304 2490 hortantibus
319 2432 431 2501 amicis,
439 2441 471 2488 ut
482 2431 625 2489 Graeciem
639 2431 786 2508 redigeret
799 2432 830 2490 in
843 2451 925 2490 suam
937 2443 1034 2507 potes·

123 2521 223 2582 tatem,
238 2512 365 2568 classem
378 2510 597 2586 quingentarum
617 2510 733 2567 uarium
746 2510 932 2586 comparavit,
950 2510 1034 2586 eique

126 2590 227 2648 Datim
240 2587 370 2666 prefecit
384 2599 413 2646 et
433 2587 662 2663 Artaphemem3
683 2588 787 2664 hisque
808 2589 934 2647 ducenta
953 2588 1034 2666 pedi·

120 2679 195 2738 tum,
212 2669 317 2726 decem
338 2667 420 2726 milia
440 2667 567 2742 equitum
586 2667 682 2724 dedit:
706 2686 826 2725 causam
847 2668 1035 2737 interserens,

123 2766 161 2805 se
171 2746 287 2804 hostem
301 2765 370 2804 esse
379 2745 617 2816 Atheniensibus,
625 2746 701 2820 quod
715 2764 814 2804 eorum
827 2746 935 2804 auxilio
946 2747 1034 2804 Iones

127 2826 230 2883 Sardus
240 2834 465 2901 expugnassent
477 2843 584 2898 suaque
595 2824 730 2900 praesidra
740 2825 964 2883 interiecrssent
986 2824 1035 2882 1111
1054 2828 1072 2881 2

120 2903 256 2978 praefecti
269 2903 354 2979 regii,
366 2904 462 2961 classe
477 2903 514 2960 ad
530 2901 671 2960 Euboeam
679 2905 809 2980 appulsa,
818 2903 954 2965 celeriter
962 2901 1035 2959 Ere

119 2983 210 3039 triam
224 2992 372 3059 cepenmt,
385 3000 542 3056 omnesque
564 2983 628 3058 ejus
649 2984 744 3058 gentis
759 2982 840 3038 cives
855 2978 1013 3054 abreptos
1004 2998 1036 3037 ιιι

125 3061 230 3118 Asiam
243 3061 280 3117 ad
293 3079 394 3136 regem
412 3061 561 3118 misenmt.
603 3061 676 3118 inde
697 3060 734 3116 ad
753 3059 879 3116 Atticam
899 3077 1035 3116 accesse-

122 3151 200 3208 rrmt,
215 3159 249 3197 ac
265 3158 333 3196 sues
348 3139 448 3214 copias
462 3138 493 3196 in
511 3157 644 3215 campum
664 3137 835 3195 Marathona
846 3137 1034 3196 deduxerunt.

128 3216 161 3274 Is
174 3183 257 3275 abest
270 3218 305 3275 ab
320 3218 427 3293 oppido
444 3217 560 3275 circiter
574 3217 654 3274 milia
666 3234 805 3290 passuum
818 3217 931 3275 decem.
967 3217 1033 3275 Hoc
1055 3221 1072 3273 3

125 3297 248 3354 tumultu
262 3294 460 3354 Athenienses
474 3306 533 3352 tam
552 3295 711 3372 propinquo
724 3305 837 3371 tamque
851 3314 956 3386 magno
969 3314 1034 3372 per·

130 3375 197 3432 moti
211 3374 349 3432 auxilium
359 3393 508 3449 nusquam,
518 3374 577 3431 nisi
589 3393 605 3430 a
615 3373 844 3432 Lacedaemoniis
847 3375 1034 3450 ,petiverunt

137 3449 390 3530 Phidippidemque
412 3471 558 3510 cursorem
577 3453 640 3540 ejus
662 3453 787 3527 generis,
801 3453 850 3526 qui
869 3451 1034 3530 ipegodgipot
1069 3479 1070 3483 ¹

136 3543 277 3601 vocantur,
298 3530 538 3588 Lacedaemonem
559 3531 707 3599 miserunt,
729 3541 760 3587 ut
778 3531 929 3599 nuntiaret,
950 3547 1034 3602 quam
1079 3572 1083 3578 .

138 3607 219 3667 celeri
229 3628 302 3686 opus
315 3619 396 3666 esset
404 3609 520 3666 auxrho.
544 3609 629 3666 Domi
639 3618 733 3665 autem
744 3618 843 3664 creant
853 3607 1034 3682 decemprae·
1055 3611 1072 3665 i
