2378 4036
52 302 54 307 ,
153 247 196 306 42
449 239 491 304 X.
531 248 603 316 1,2.
639 240 763 320 (Dion.)

115 392 128 447 i
190 390 215 448 1.
237 387 323 457 Dion,
336 387 489 463 Hipparini
508 387 595 458 filius,
610 388 821 462 Syracusanus,
833 385 924 445 nobili
945 407 1054 464 genere

150 477 243 536 uatus,
252 477 370 540 utraque
381 465 543 541 implicatus
556 465 704 540 tyrannide
717 465 932 541 Dionysiorum.
964 467 995 524 N
996 486 1054 525 am·

150 565 205 622 que
219 546 270 602 ills
285 543 415 619 superior
428 543 658 613 Aristomachen,
672 561 800 600 sororem
821 544 936 614 Dionis,
955 543 1054 603 habuit

54 674 56 679 ,
151 625 182 680 in
203 623 391 692 matrimonio,
406 640 443 679 cx
456 630 512 697 qua
535 622 607 679 duos
628 622 713 691 filios,
735 621 928 707 Hipparinum
942 633 972 680 et
991 623 1053 700 Ny·

151 721 247 772 satum,
258 701 428 777 procreavit,
436 700 610 775 totidemque
624 701 708 769 filias,
716 699 833 781 nomine
844 700 1054 778 Sophrosynen

152 790 181 837 et
204 781 329 836 Areten:
350 797 469 854 quarum
489 779 613 854 priorem
627 778 771 853 Dionysio·
793 778 863 848 filio,
875 779 981 850 eidem,
1006 779 1054 847 cui

151 877 270 934 regnum
291 856 415 932 reliquit,
428 868 546 932 nuptum
569 856 657 927 dedit,
672 850 799 943 alteyim,
813 857 932 927 Areten,
954 857 1053 916 Dioni.

114 940 129 992 2
152 936 230 994 Dion
243 947 339 994 autem
351 946 454 1011 praeter
472 935 599 992 nobilem
616 934 856 1013 propinquitatem
868 954 1054 1011 generosam·

150 1033 206 1090 que
219 1016 357 1090 majorum
380 1013 483 1070 samam
496 1014 585 1070 multa
605 1013 662 1070 alia
675 1014 710 1071 ab
714 1016 832 1089 y‘natnra
850 1012 950 1072 habuit
968 1016 1055 1087 bona,

150 1093 181 1150 in
194 1093 241 1151 his
255 1092 404 1169 ingenium
417 1092 522 1160 docile,
537 1110 629 1161 come,
650 1094 747 1171 aptuln
760 1092 797 1149 ad
818 1102 895 1149 artes
911 1092 1053 1168 optimas;

150 1191 283 1248 magnam
297 1171 425 1246 corporis
440 1169 617 1246 dignitatem,
641 1174 712 1243 quaer‘
727 1189 786 1227 non
799 1170 949 1228 minimum
976 1191 1054 1230 com·

151 1250 318 1319 mandatum
338 1267 458 1324 magnas
478 1257 617 1323 practerea
641 1248 756 1320 divitias
781 1269 799 1305 a
822 1259 903 1328 patre
925 1249 1054 1322 relictas,

101 1331 130 1385 ³
151 1347 222 1402 quas
247 1329 310 1404 ipse
334 1327 448 1403 tyranni
474 1327 638 1385 muneribus
664 1320 791 1391 aulierat.
843 1327 917 1385 Erat
936 1328 1053 1387 intimus

153 1406 295 1482 Dionysio
306 1405 403 1482 priori,
417 1424 511 1480 neque
525 1405 619 1462 minus
640 1400 756 1489 propter
769 1424 875 1476 mores,
889 1425 976 1481 quam
995 1408 1054 1465 affi-

151 1485 278 1543 nitatem.
319 1484 451 1558 Namque
473 1483 528 1540 etsi
543 1483 680 1559 Dionysii
695 1485 850 1547 erudelitas
866 1485 895 1543 ei
915 1484 1054 1562 displice-

151 1563 208 1634 bat,
221 1573 318 1621 tamen
331 1563 442 1621 salvum
459 1572 574 1637 propter
589 1548 845 1639 necessitudinem,
858 1563 952 1639 magis
967 1564 1054 1623 etiam

152 1659 267 1699 suornm
281 1660 378 1710 causa,
392 1640 532 1697 studebat.
572 1641 682 1698 Aderat
699 1638 731 1719 in
744 1641 857 1717 magnis
876 1644 963 1700 rebus
978 1645 1054 1720 ejus·

151 1740 207 1796 que
221 1721 344 1778 consilio
357 1719 475 1779 multum
487 1720 654 1777 movebatur
667 1730 814 1854 tyrapnus,
827 1720 958 1796 nisique
976 1722 1052 1781 inre

115 1803 131 1856 1
151 1799 241 1876 major
261 1799 354 1875 ipsius
371 1797 512 1874 cupiditas
536 1797 750 1855 intercessere.
792 1799 971 1874 Legationes
985 1819 1054 1859 vero

154 1878 291 1955 [omnes],
305 1896 368 1954 quae
388 1887 489 1935 essent
509 1876 690 1947 illustriores,
704 1895 756 1952 per
777 1877 904 1935 Dionem
917 1877 1054 1939 adminis-

152 1957 312 2026 trabantnr3
351 1974 404 2012 uas
413 1955 528 2030 quidem
541 1955 591 2012 ille
606 1955 761 2031 diligenter
774 1955 915 2026 obeundo,
924 1957 1054 2021 ,fidente

152 1975 629 2103 mmnistrmfflssimm
642 2052 747 2090 nomen
760 2034 874 2108 tyranni
888 2053 942 2092 sua
955 2034 1053 2093 huma·

114 2114 131 2166 5
151 2111 239 2167 nitate
253 2112 377 2184 tegebat.
409 2110 496 2166 Hunc
511 2129 528 2166 a
542 2110 684 2186 Dionysio
698 2112 818 2169 missum
833 2112 1053 2189 Carthaginien·

153 2207 202 2244 ses
228 2197 427 2262 suspexerunt,
451 2197 482 2244 ut
505 2188 650 2246 neminem
670 2209 803 2265 umquam
828 2191 932 2249 Graeca
954 2191 1053 2269 lingua
1098 2203 1101 2206 ⁴

152 2267 316 2338 loquentem
328 2265 421 2340 magis
435 2265 493 2322 sint
507 2266 646 2324 admirati.

116 2348 129 2400 1
192 2343 232 2400 II.
273 2342 377 2419 Neque
391 2362 461 2400 vero
484 2344 547 2401 haec
572 2346 746 2422 Dionysium
766 2346 923 2423 fugiebant.
965 2349 1052 2420 Nam,

152 2430 256 2495 quanto
270 2429 349 2478 esse.
369 2421 425 2479 sibi
445 2435 620 2494 ornamento,
634 2426 785 2483 sentiebat.
827 2427 893 2492 Quo
913 2427 1009 2498 fiebat,
1022 2438 1053 2486 ut

153 2499 204 2557 uni
216 2498 284 2556 huic
299 2500 422 2558 maxime
436 2500 606 2578 indulgeret,
619 2522 714 2578 neque
723 2509 795 2561 'eum
809 2522 896 2562 secus
917 2505 1053 2582 diligeret

113 2581 131 2636 2
153 2597 188 2636 ac
201 2577 308 2636 filium:
331 2579 379 2654 qui
398 2579 522 2654 quidem,
536 2601 630 2657 quum,
652 2582 804 2640 Platonem
823 2583 983 2642 Tarentum
1003 2603 1052 2642 ve·

152 2657 243 2727 nisse,
257 2657 332 2714 fama
344 2677 375 2715 m
413 2677 452 2716 tol
464 2678 521 2716 ram
535 2671 616 2718 esset
625 2661 744 2736 perlata,
754 2661 933 2719 adolescenti
943 2682 1051 2739 negare

77 2758 84 2767 ·
152 2754 210 2794 non
223 2736 354 2812 potuerit,
368 2737 436 2812 quin
457 2756 523 2796 eum
536 2749 706 2808 arcesseret,
720 2758 806 2814 quum
827 2739 905 2797 Dion
919 2742 983 2818 ejus
1004 2761 1052 2799 au·

152 2815 251 2874 diendi
275 2814 429 2892 cupiditate
455 2817 616 2892 flagraret·
639 2817 728 2875 Dedit
751 2836 820 2894 ergo
843 2817 912 2876 huic
937 2819 1051 2878 veniam

151 2914 310 2972 magnaque
331 2913 397 2952 eum
415 2895 568 2953 ambitione
591 2896 752 2970 Syracusas
772 2897 914 2972 perduxit.
957 2899 1052 2965 Quem

114 2975 131 3028 3
153 2974 232 3033 Dion
245 2974 319 3032 adeo
333 2973 486 3032 admiratus
500 2983 642 3048 astatque
658 2975 809 3046 adamavit,
822 2987 854 3033 ut
873 2995 906 3033 ae
920 2986 1011 3034 totum
1024 2977 1052 3035 ei

184 3064 226 3124 ως·
268 3053 403 3111 traderet.
432 3052 537 3128 Neque
549 3071 618 3109 vero
632 3053 725 3110 minus
740 3054 823 3112 Plato
837 3055 998 3113 delectatus
1008 3065 1052 3114 est

158 3141 178 3170 ⁸·
191 3133 215 3172 ⁰·
227 3144 249 3172 ¹¹·
271 3131 377 3189 Dione.
417 3131 517 3206 Itaque
530 3149 617 3208 quum
631 3150 649 3188 a
667 3131 810 3208 Dionysio
827 3133 973 3211 [tyranno]
991 3153 1053 3192 cm·

152 3205 256 3263 deliter
268 3208 391 3266 violatus
405 3221 494 3279 esset,
507 3210 612 3286 quippe
628 3229 714 3284 quem
726 3211 893 3268 venumdari
903 3212 1053 3288 jussisset,

152 3294 248 3340 umen
262 3285 364 3341 eodem
377 3287 471 3357 rediit,
486 3289 617 3364 ejusdem
631 3288 735 3347 Dionis
751 3290 886 3364 precibus
901 3290 1052 3349 adductus.

115 3365 133 3418 t
153 3361 272 3420 Interim
284 3361 315 3419 in
328 3365 456 3421 morbum
469 3366 571 3424 incidit
584 3367 754 3444 Dionysius.
796 3368 861 3434 Quo
870 3387 957 3442 quum
970 3368 1051 3446 gravi

153 3439 373 3510 conflictaretnr,
386 3443 518 3514 quaesivit
537 3463 555 3501 a
570 3445 693 3503 medicis
714 3446 801 3515 Dion,
815 3447 1053 3520 quemadmodum

152 3538 187 3579 se
196 3518 335 3579 haberet?
358 3518 499 3594 simulque
513 3523 549 3579 ab
562 3521 609 3580 his
623 3523 715 3597 petiit,
729 3525 756 3581 si
769 3523 841 3582 forte
854 3525 957 3602 majori
971 3541 1053 3585 esset

152 3598 291 3677 periculo,
305 3608 336 3656 nt
349 3596 405 3656 sibi
422 3596 592 3656 faterentur:
614 3619 680 3657 narn
693 3603 770 3660 velle
785 3621 818 3661 se
833 3622 899 3662 cum
913 3622 950 3663 eo
964 3603 1053 3665 collo·
