2378 4036
158 235 201 299 40
454 228 512 293 IX.
535 239 565 294 4.
608 232 710 309 (Cone
722 234 756 308 a)

153 388 290 447 maneret,
304 377 426 437 valebat.
468 376 572 450 Neque
596 375 627 432 id
648 375 817 446 mirandum,
838 376 864 434 si
887 395 946 434 non
970 376 1055 436 heile

154 457 191 516 cd
204 455 379 514 eredendum
393 455 595 525 adducebatur,
616 453 818 525 reminiscens,
832 456 895 532 ejus
916 475 950 512 ss
971 475 1055 532 opera

115 541 132 594 2
156 536 264 611 Cyrum
298 533 414 590 fratrem
440 552 605 608 superasse.
660 533 756 608 Hujus
780 533 939 591 accusandi
967 536 1054 610 gratia

155 615 255 672 Conon
268 632 286 668 a
296 602 481 669 Pharnabazo
490 611 527 668 ad
537 629 635 686 regem
648 612 764 682 missus,
775 623 961 687 posteaquam
969 615 1055 684 vonit,

153 692 275 767 primum
290 709 327 746 ex
339 707 418 746 more
442 690 596 746 Persarum
618 689 654 746 sd
675 688 875 760 chiliarchum,
889 690 939 764 qui
953 711 1056 749 secun·

153 771 220 833 dum
234 769 353 845 gradum
366 767 480 843 imperii
488 769 613 837 tenebat,
622 767 809 825 Tithrausten
818 768 955 839 accessit,
966 788 1056 844 seque

154 848 279 910 ostendit
292 865 359 909 cum
372 865 441 922 rege
456 845 581 920 colloqui
594 846 681 907 velle.
722 847 818 904 Nemo
832 847 911 904 enim
920 847 986 906 sine
1000 848 1055 905 hoc

116 933 132 984 3
155 926 318 985 admittitur.
369 925 447 985 Huic
470 924 531 993 ille,
555 925 641 994 aelle,
660 923 761 999 inquit,
774 945 851 983 more
864 937 925 994 cst;
956 927 1055 985 redte

154 1006 281 1075 deiide-rc,
295 1015 387 1069 atrum
408 1003 523 1079 colloqui
541 1003 632 1072 mults,
653 1024 691 1060 cn
699 1023 752 1080 per
772 1003 880 1062 litteras
893 1025 984 1081 cgere,
998 1025 1055 1080 que

155 1087 270 1161 cogites.
311 1083 432 1142 Necesse
446 1093 488 1141 est
500 1083 580 1150 enim,
592 1083 658 1139 siin
672 1093 843 1158 conspectam
852 1085 968 1153 veneris,
979 1104 1055 1140 vene·

154 1165 214 1225 rari
226 1174 252 1220 te
273 1182 363 1238 regem
387 1160 476 1238 (quod
490 1163 630 1238 πςοςκυνεΐν
645 1159 694 1218 illi.
703 1160 830 1236 vocant).
870 1161 935 1218 Hoc
958 1164 986 1219 ri
1007 1163 1056 1219 tibi

151 1258 238 1318 greve
252 1252 302 1310 est,
322 1261 374 1317 per
386 1260 428 1299 me
448 1239 642 1298 nihilosecius
662 1240 745 1298 editis
767 1241 908 1297 madetis
920 1241 1056 1320 conficies,

115 1321 226 1396 equod
247 1320 351 1377 stades.
394 1319 470 1378 Tum
492 1318 603 1388 Conon,
626 1319 694 1375 milti
717 1338 788 1388 cere,
813 1317 913 1393 inquit,
936 1339 992 1376 nea
1015 1318 1086 1376 est‘

151 1419 247 1475 greve,
261 1400 383 1473 quemvis
395 1398 521 1456 lennem
534 1397 631 1455 debere
644 1400 723 1474 regi;
737 1397 787 1454 sed
796 1417 897 1467 vereor,
905 1418 939 1454 ne
950 1399 1056 1455 donati

154 1499 217 1538 mee
230 1479 270 1536 sit
283 1477 432 1553 opprobrio,
447 1477 482 1545 si,
496 1496 578 1550 qaam
598 1497 631 1533 ea
644 1496 677 1533 ee
689 1477 742 1533 sim
752 1474 974 1553 prensatasque
989 1487 1056 1533 cete·

154 1559 196 1615 ris
205 1557 337 1634 gentibus
346 1557 478 1632 imperare
489 1557 665 1623 consueverit,
673 1556 768 1630 potius
779 1554 964 1623 barbarorum,
975 1575 1056 1630 quem

154 1636 324 1704 dimanare
336 1632 458 1712 sangar·
499 1633 609 1707 ltaque,
623 1652 684 1708 quae
700 1632 794 1710 [huic]
810 1633 934 1702 volebat,
948 1633 1053 1708 scripte

153 1713 278 1772 tradidit.

117 1843 124 1852 .
194 1793 248 1854 IV.
300 1791 413 1860 Quibus
438 1789 572 1867 cognitis,
594 1808 647 1848 rex
667 1799 775 1848 tantum
799 1788 966 1849 auctoritate
992 1791 1054 1866 ejus

116 2005 124 2020 ,
153 1903 247 1994 m.
272 1882 370 2021 nt
383 1868 1133 2022 aarntiam?ttrttrtaltt,

154 2028 183 2086 ei
190 2029 362 2103 permiserit,
371 2047 457 2102 quem
464 2028 563 2096 vellet,
573 2025 682 2100 eligere
694 2026 730 2083 ad
739 2026 896 2101 dispensan
916 2044 1055 2100 ampecu·

153 2105 241 2164 niam.
282 2106 317 2164 Id
325 2105 471 2162 arbitrium
483 2105 585 2162 Conon
594 2105 711 2179 negavit
724 2103 769 2161 sui
784 2123 851 2162 esse
866 2104 993 2174 consilii,
1002 2104 1055 2162 sod

154 2183 255 2258 ipsius,
269 2183 318 2257 qui
331 2183 437 2258 optime
452 2201 520 2240 suos
533 2201 621 2239 nosse
636 2182 772 2252 deberet3
794 2183 847 2240 sed
867 2201 900 2240 so
922 2183 1055 2252 suadere,

114 2269 133 2323 2
155 2261 343 2321 Pharnabazo
363 2261 393 2319 id
412 2261 522 2336 negotii
542 2261 631 2318 daret.
673 2262 752 2320 Hinc
763 2261 875 2336 magnis
889 2263 1054 2319 muneribus

154 2341 275 2398 donatus
290 2339 326 2396 ad
339 2358 418 2398 mars
436 2351 481 2398 est
493 2340 610 2410 missus,
623 2350 656 2402 ut
669 2340 796 2416 Cypriis,
811 2350 840 2397 et
856 2339 1055 2410 Phoenicibus,

155 2418 316 2492 ceterisque
329 2419 478 2476 maritimis
494 2418 657 2477 civitatibus
671 2438 761 2477 naves
775 2420 877 2494 longas
891 2418 1053 2494 imperaret,

154 2499 344 2572 classemque,
355 2516 411 2572 qua
423 2497 552 2573 proxima
565 2509 663 2556 aestate
677 2517 755 2557 mare
770 2498 843 2556 tueri
857 2509 966 2573 posset,
978 2517 1053 2556 com·

153 2585 283 2653 pararet:
306 2576 372 2635 dato
393 2577 520 2653 adjutore
537 2576 733 2646 Pharnabazo,
748 2575 900 2651 sicutipse
915 2577 1053 2635 voluerat.

116 2660 132 2714 3
154 2656 189 2714 Id
201 2664 232 2713 ut
254 2654 484 2715 Lacedaemoniis
506 2666 551 2714 est
574 2654 741 2724 nuntiatum,
754 2673 812 2713 non
832 2655 896 2713 sine
912 2674 1053 2713 curarem

154 2733 394 2804 administrarant,
415 2735 490 2809 quod
516 2735 609 2810 majus
635 2735 743 2792 bellurn
766 2733 915 2791 imminere
938 2735 1053 2792 arbitra·

152 2815 262 2883 bantur,
276 2813 400 2888 quamsi
415 2832 480 2871 cum
492 2814 611 2874 barbaro
625 2813 719 2871 solum
732 2811 948 2873 contenderent.
979 2813 1054 2870 Nam

154 2893 258 2953 ducem
278 2893 380 2951 fortem
398 2892 622 2968 prudentemque
636 2889 726 2967 regiis
740 2889 843 2966 opibus
863 2890 1054 2966 praefuturum,

154 2992 188 3033 ac
203 2991 304 3033 sectam
327 2971 526 3031 dimicaturum
538 2969 682 3039 videbant,
703 2988 789 3044 quem
811 2988 906 3043 neque
921 2969 1055 3037 comihn,

117 3056 246 3126 tneque
272 3050 365 3127 copiis
388 3068 524 3126 superare
548 3058 677 3124 possent.
719 3048 785 3108 Hac
805 3057 901 3105 mente
921 3066 1054 3123 magnam

153 3159 236 3249 s³d⁴n
272 3125 1055 3265 iimhhumclasslmsspiificisffffipsssaan‘lmdiiii,

203 3233 243 3247 ··
304 3226 338 3264 os
382 3226 528 3267 ononau
594 3224 775 3265 nrumar
973 3224 988 3262 r

154 3281 241 3357 fugat,
265 3285 367 3341 multas
389 3226 588 3360 narespcapit,
613 3284 775 3360 complures
797 3221 973 3356 depridiit.p
990 3283 1053 3350 Qua

155 3360 274 3417 victoria
296 3380 355 3417 non
378 3363 471 3418 solum
494 3363 624 3432 Athenae,
652 3363 705 3420 sed
733 3362 821 3418 etiam
844 3371 949 3418 cuncta
977 3360 1052 3418 Grae·

155 3439 210 3508 cie,
223 3457 286 3512 quae
300 3440 353 3496 sub
374 3439 657 3498 Lacedaemoniorum
676 3440 769 3497 suerat
788 3439 918 3514 imperio,
935 3439 1053 3503 liberata

118 3522 135 3576 d
155 3526 210 3579 est.
253 3515 355 3576 Conon
369 3535 435 3575 cum
455 3526 535 3590 parte
549 3518 664 3574 navium
678 3519 709 3574 in
722 3517 844 3592 patriam
856 3516 946 3588 venit,
959 3534 1055 3575 muros

154 3595 295 3659 dirutosa
316 3593 476 3670 Lysandro,
491 3604 626 3666 utrosque
648 3605 677 3650 et
699 3594 802 3652 Piraeei
818 3605 847 3653 et
869 3594 1053 3660 Athenarum
