2378 4036
363 244 484 309 xviu.
528 255 559 312 2.
601 244 797 329 (numm)
988 254 1029 313 aa

128 399 270 469 metimur,
284 416 342 456 non
356 397 486 456 fortuna.¹
521 398 552 457 N
554 418 601 456 am
614 417 706 481 quum
720 409 789 458 aetns
803 400 868 475 ejus
882 399 1030 460 incidisset
1049 405 1069 460 Ξ

128 477 204 536 inea
224 486 364 554 tempora,
378 478 485 554 quibus
506 476 681 535 Macedones
700 479 842 547 florerent,
858 479 982 548 multum
1002 479 1031 537 ei

126 556 248 615 detraxit
268 556 345 613 inter
367 556 419 613 hos
433 547 551 626 vive'nti,
572 555 648 631 quod
671 555 775 613 alienae
798 566 862 614 erat
883 558 1028 632 civitatis3

125 653 219 712 neque
233 633 313 692 aliud
334 634 404 691 huic
424 632 533 706 defuit3
556 652 644 710 qnam
665 653 806 712 generosa
828 636 864 702 ati
899 655 924 693 s.
965 636 1069 697 Euit

124 713 172 772 ille
189 713 353 771 'domestico
367 731 479 770 summo
499 730 607 789 genera
631 722 709 770 erat:
733 723 830 771 tamen
856 713 1030 774 lacedones

123 810 191 850 enm
215 791 271 849 sibi
294 789 449 866 aliquando
473 791 606 867 anteponi
626 791 743 869 indigne
765 789 912 864 ferebant3
934 812 1029 870 neque

95 920 98 928 .
124 879 221 928 tamen
245 887 303 927 non
325 868 518 946 patiebantur.
559 868 703 927 Vinoebat
727 871 804 927 enim
827 889 927 928 omnes
947 890 1028 942 curn,

124 948 283 1026 vigilantia,
298 947 443 1023 patientia,
459 946 616 1005 calliditate
630 956 659 1005 et
667 947 814 1006 celeritate
828 949 948 1026 ingenii.
970 949 1029 1009 Hic
1049 955 1068 1009 l

124 1025 409 1102 peradulescentulus
420 1024 456 1082 ad
465 1026 622 1083 amicitiam
634 1027 757 1084 accessit
770 1025 902 1103 Philippi,
916 1029 1028 1104 Amyn-

122 1115 159 1162 ιω
171 1105 235 1175 filii,
251 1104 391 1180 brevique
405 1113 532 1179 tempore
546 1103 576 1160 in
590 1104 720 1160 intimam
737 1106 867 1180 pervenit
882 1104 1028 1163 familiari.

122 1192 220 1240 tatem.
274 1181 420 1258 Fulgcbat
443 1182 523 1238 enim
542 1182 604 1258 jam
628 1182 658 1238 in
683 1181 897 1240 adolescentulo
920 1184 1029 1243 indoles

122 1261 246 1318 virtutis.
288 1259 389 1336 Itaque
414 1278 482 1317 eum
506 1260 606 1317 habuit
625 1259 660 1316 ad
685 1279 803 1317 manum
823 1263 927 1319 scribae
949 1263 1068 1321 loco:5

121 1339 197 1415 quod
211 1338 302 1396 multo
317 1337 393 1414 apud
415 1337 518 1395 Graios
538 1338 771 1396 honorificentius
785 1349 837 1410 est,
851 1359 938 1416 quam
953 1342 1029 1417 apud

122 1417 279 1476 Romanos.
320 1416 351 1473 N
352 1434 400 1472 am
414 1415 490 1492 apud
504 1434 564 1486 nos,
580 1434 682 1474 revera
695 1417 770 1474 siout
790 1427 866 1489 sunt,
881 1437 1028 1477 mercena·

122 1496 158 1552 rii
171 1495 277 1553 scribae
289 1495 511 1566 existimantur3
533 1504 563 1551 at
579 1495 655 1570 apud
677 1494 741 1552 illos
755 1515 771 1553 e
785 1498 929 1555 contrario
942 1515 1027 1556 nemo
1097 1499 1107 1516 ⁶

122 1573 158 1631 ad
171 1574 201 1631 id
214 1573 343 1631 officium
358 1572 524 1642 admittitur,
540 1573 595 1629 nisi
609 1573 726 1630 honesto
739 1573 811 1643 loco,
826 1584 854 1632 et
871 1575 927 1633 fide
941 1585 970 1633 et
983 1575 1025 1632 in-

121 1652 233 1717 dustria
246 1652 380 1728 cognita:
401 1649 477 1726 quod
501 1668 620 1708 necesse
635 1659 678 1708 est
700 1652 829 1708 omnium
842 1653 1027 1710 consiliorum

121 1748 189 1794 eum
204 1749 269 1787 esse
282 1729 461 1805 participem.
492 1727 582 1786 Hunc
596 1728 693 1786 locum
703 1729 794 1786 tenuit
805 1730 940 1787 amicitiae
951 1730 1027 1805 apud
1048 1735 1066 1788 6

122 1807 287 1884 Philippum
302 1824 391 1864 annos
404 1816 523 1882 septem.
565 1805 620 1864 Illo
641 1805 801 1876 interfecto,
816 1807 916 1863 eodem
935 1808 1028 1883 gradu

122 1885 177 1944 luit
204 1885 281 1962 apud
310 1885 514 1942 Alexandrum
542 1903 632 1942 annos
659 1883 807 1941 tredecim.
863 1884 1028 1943 Novissime

122 1974 248 2041 tempore
262 1961 377 2041 praefuit
396 1963 483 2020 etiam
504 1961 603 2019 alteroe
616 1962 746 2038 equitum
761 1962 824 2032 alae,
843 1981 909 2038 quae
930 1962 1026 2021 Hetae·

122 2043 184 2100 rice
205 2040 414 2118 appellabatur.
456 2039 580 2115 Utrique
602 2051 700 2098 autem
724 2041 754 2097 in
774 2041 893 2098 consilio
914 2059 1028 2118 semper

122 2121 214 2190 affuit,
230 2131 258 2178 et
271 2120 399 2177 omnium
414 2137 513 2176 rerum
530 2119 644 2176 habitus
658 2129 701 2176 est
715 2120 867 2196 particeps.

161 2198 199 2257 11.
222 2197 391 2255 Alexandro
405 2197 555 2271 Babylone
568 2207 689 2268 mortuo,
698 2216 789 2273 quum
804 2215 894 2275 regna
904 2199 1027 2276 singulis
1049 2205 1063 2258 1

122 2275 315 2334 familiaribus
334 2275 563 2352 dispertirentur,
577 2284 605 2331 et
626 2293 740 2334 summa
754 2295 852 2333 rerum
867 2278 970 2334 tradita
984 2298 1026 2336 ea

121 2365 167 2413 set
180 2353 288 2413 tuenda
301 2353 404 2424 eidem,
416 2354 466 2411 cui
480 2351 649 2410 Alexander
657 2355 781 2411 moriens
790 2355 931 2412 annulum
940 2375 1026 2413 suum

122 2433 249 2502 dederat,
277 2431 441 2490 Perdiccae:
473 2448 510 2488 ex
537 2448 595 2506 quo
620 2450 719 2489 omnes
742 2433 934 2508 conjecerant,
959 2439 1066 2492 eum2

122 2529 245 2587 regnum
260 2511 287 2567 ci
308 2509 531 2577 commendasse,
546 2508 638 2584 quoad
660 2510 744 2566 liberi
758 2511 821 2587 ejus
841 2511 968 2569 insuam
983 2522 1026 2570 tu·

122 2589 211 2647 telam
219 2588 433 2665 pervenissent:
448 2585 581 2665 (aberant
588 2588 666 2644 enim
676 2587 814 2646 Craterus
825 2598 853 2646 et
864 2589 1025 2666 Antipater,

122 2667 174 2742 qni
187 2666 357 2724 antecedere
372 2665 450 2724 huuc
464 2662 651 2723 videbantur:
673 2676 802 2724 mortuus
815 2676 877 2723 erat
888 2666 1025 2744 Hephaes-

123 2746 171 2815 tio,
185 2762 273 2820 quem
292 2762 384 2801 unum
398 2740 575 2812 Alexander,
592 2743 667 2820 quod
683 2743 768 2803 facile
793 2745 915 2822 intelligi
923 2755 1025 2820 posset,

124 2823 242 2900 plurimi
257 2821 368 2881 fecerat
377 2821 401 2900 ς)
416 2821 471 2880 hoc
491 2830 619 2895 tempore
632 2821 698 2880 data
712 2833 755 2880 est
775 2822 902 2880 Eumeni
915 2821 1025 2900 Cappa·

124 2902 215 2971 docies,
232 2901 294 2958 sive
308 2902 401 2976 potius
421 2899 508 2957 diota.
552 2899 631 2958 Nam
644 2911 707 2958 turn
721 2901 751 2956 in
765 2901 889 2958 hostium
903 2910 965 2956 erat
979 2918 1025 2974 po-

124 2989 233 3037 testate.
276 2978 366 3036 Hunc
379 2979 433 3035 sibi
448 2978 602 3038 Perdiccas
616 2978 787 3053 adjunxerat
805 2995 910 3053 magno
923 2977 1025 3046 studio,
1047 2983 1065 3036 ³

123 3057 199 3133 quod
221 3058 252 3113 in
272 3058 386 3115 homine
403 3056 488 3114 fidem
502 3068 531 3116 et
553 3057 722 3114 industriam
744 3072 881 3132 magnam
895 3055 1025 3113 videbat:

124 3153 180 3194 non
194 3136 338 3204 dubitans,
353 3136 377 3191 si
401 3153 469 3192 eum
483 3136 655 3212 pellexisset,
678 3152 783 3209 magno
804 3133 869 3193 usui
894 3131 954 3190 fore
973 3135 1026 3191 sibi

125 3215 153 3270 in
168 3215 213 3271 his
228 3213 323 3282 rebus,
338 3232 411 3288 quas
425 3214 591 3288 apparabat·
613 3212 765 3288 Cogitabat
775 3212 861 3279 enim,
876 3212 950 3287 quod
967 3213 1025 3270 lere

124 3311 223 3349 omnes
236 3293 266 3348 in
281 3293 394 3367 magnis
410 3293 538 3366 imperiis
552 3290 768 3365 concupiscunt,
783 3290 910 3346 omnium
932 3304 1026 3367 partes

124 3372 270 3446 corripere
291 3380 378 3443 atque
398 3369 559 3444 complecti.
601 3369 707 3444 Neque
722 3387 790 3424 vero
812 3368 865 3426 hoo
885 3369 934 3427 illc
948 3372 1026 3427 solus
1047 3375 1062 3427 4

126 3448 201 3517 lecit,
216 3447 266 3505 sed
288 3447 378 3504 ceteri
400 3466 514 3522 quoque
527 3465 635 3514 omnesr,
650 3447 701 3522 qui
726 3446 886 3503 Alexandri
913 3447 1026 3503 fuerant
1100 3477 1101 3480 ¹

125 3525 222 3584 amici.
274 3524 390 3582 Primus
411 3523 579 3583 Leonnatus
603 3523 801 3581 Macedoniam
824 3541 1026 3599 preoccupare

126 3602 328 3678 terrerem,
379 3601 438 3677 Hir
462 3601 560 3674 culti·
587 3602 756 3680 maneque
777 3599 1027 3676 mutatoriorum
