2378 4036
147 227 191 287 84
381 219 455 287 XX.
498 229 528 296 4,
543 228 572 284 5.
619 183 820 304 (Timoleon.)
921 167 925 174 Ι

145 390 164 429 a
177 372 370 432 fundamentis
383 373 515 450 disjecit3
539 383 636 431 cetera
657 373 819 450 tyrannidis
832 374 1050 451 propugnacula

145 450 297 510 demolitus
311 462 363 522 est,
378 452 512 527 deditque
525 469 652 527 operam,
668 463 700 510 ut
724 470 812 529 quam
826 453 944 515 minime
959 453 1050 510 multa

40 589 46 596 ,
105 531 267 607 lvestigia
280 531 428 588 servitutis
441 539 603 588 manerent.
634 529 735 595 Quum
749 531 836 588 tantis
850 540 926 593 emet
939 530 1050 607 opibus,

145 617 177 667 ut
190 609 277 682 etiam
292 609 389 666 invitis
402 609 545 684 imperare
559 607 671 691 ξο-εῃῐς
694 595 918 667 ῑαηῑιῖιῖιῖιῐθω
933 608 1050 666 haberet

3 627 98 785 Γ
144 682 272 744 εἶιῐότοω
285 687 415 744 omnium
430 685 605 756 Siculorum,
615 679 912 762 utnullchecumnte
927 705 1050 762 regnum

3 766 66 900 ‘l‘
143 764 301 822 obtineret:
322 764 425 823 maluit
438 784 469 822 ss
483 763 574 840 diligi,
589 783 678 840 quam
693 765 792 822 metui.
833 765 944 844 ltaque,
959 783 1049 840 quum

43 893 46 896 ,
143 831 269 919 palm-mn
284 843 381 919 potuit,
398 843 552 918 imperium
565 841 706 918 deposuit,
721 853 750 899 et
770 844 900 919 privatus
920 842 1047 918 Syracu·

103 924 122 976 5
143 922 191 991 sis,
206 920 282 997 quod
297 921 443 997 reliquum
457 921 525 978 vitae
546 919 608 990 fuit,
625 921 706 978 vixit.
751 921 857 997 Neque
872 939 940 978 vero
954 921 982 978 id
996 922 1047 978 im·

142 1000 232 1076 perite
248 999 326 1057 fecit.
362 999 441 1058 Nam
455 997 636 1075 quodceteri
651 1018 735 1076 reges
749 1000 870 1076 imperio
883 1009 1047 1075 potuerunt,

48 1097 52 1104 ·
142 1077 191 1137 hic
215 1078 416 1136 benevolentia
440 1078 541 1135 tenuit.
592 1077 704 1135 Nullus
727 1079 817 1136 honos
839 1077 908 1136 huic
936 1076 1046 1150 defuit3

141 1174 236 1232 neque
261 1165 359 1233 postea
383 1175 430 1214 res
453 1156 514 1214 ulla
539 1155 696 1231 Syracusis
719 1165 802 1232 gesta
816 1165 859 1213 est
872 1156 997 1232 publice,
1012 1156 1048 1214 de

141 1253 201 1310 qua
228 1236 308 1311 prius
333 1236 371 1293 sit
397 1235 557 1304 decretum,
578 1230 667 1311 quarn
692 1233 881 1292 Timoleontis
904 1236 1047 1293 sententia

102 1316 120 1370 6
141 1314 266 1390 cognita.
308 1312 431 1380 Nullius
455 1331 593 1388 umquam
608 1311 761 1370 consilium
786 1330 842 1370 non
864 1312 946 1370 modo
968 1323 1045 1370 ante-

141 1389 242 1461 latum,
257 1391 307 1449 sed
321 1409 358 1449 ne
373 1401 570 1468 comparatum
584 1390 700 1466 quidem
715 1401 768 1448 cst.
793 1391 900 1466 Neque
914 1391 1051 1468 id'magis,

141 1469 340 1527 benevolentia
354 1469 464 1528 factum
479 1479 531 1539 est,
546 1488 635 1545 quam
650 1469 812 1545 prudentia.
1072 1524 1079 1554 ¹

72 1611 74 1615 7
103 1551 118 1604 l
180 1546 243 1606 lv:
257 1547 316 1606 Hic
340 1567 431 1626 quum
445 1557 527 1605 aetate
545 1547 606 1624 jam
629 1559 783 1623 provectus
803 1558 888 1618 asset,
904 1549 966 1605 sine
986 1547 1047 1606 ullo

140 1626 239 1684 morbo
252 1627 364 1685 lumina
377 1626 529 1684 oculorum
539 1626 643 1683 amisit.
684 1624 782 1690 Quam
797 1626 992 1684 calamitatem
1004 1627 1068 1706 ua

97 1727 105 1744 ·
140 1703 285 1839 :poderam
300 1704 375 1775 tulit,
390 1715 433 1782 Q
446 1723 541 1780 neque
556 1721 624 1761 eum
645 1714 814 1780 querentem
828 1706 982 1781 quisquam
996 1724 1034 1762 au

162 1784 233 1852 'erit,
249 1802 343 1859 neque
357 1803 391 1842 eo
408 1783 505 1840 minus
525 1783 645 1858 privatis
664 1783 846 1860 publicisque
861 1783 947 1840 rebus
961 1777 1061 1841 int'e'fi'

101 1864 120 1917 2
141 1845 237 1920 luerit.
280 1862 424 1920 Veniebat
438 1868 535 1920 autem
554 1861 584 1918 in
601 1861 754 1931 theatrum,
770 1880 860 1937 quum
875 1862 915 1918 ibi
929 1848 1043 1919 coffili

139 1934 310 2017 b'm’populi
333 1941 497 2010 haberetur,
521 1948 635 2015 propter
659 1938 854 1998 valetudinem
877 1949 978 1997 vectus
999 1940 1034 2017 ju

140 2019 244 2076 mentis
264 2019 384 2094 junctis,
399 2017 493 2094 adque
517 2019 558 2075 ita
578 2016 613 2074 de
628 2017 770 2088 vehiculo,
785 2037 851 2094 quae
865 2017 1045 2096 videbantur,

139 2095 270 2168 dicebat;
292 2115 387 2171 neque
409 2096 463 2153 hoc
487 2096 531 2153 illi
544 2097 698 2171 quisquam
722 2097 865 2154 tribuebat
890 2096 1044 2172 superbiae.

139 2171 222 2230 Nihil
247 2175 324 2230 enim
352 2192 490 2248 umquam
512 2192 606 2250 neque
627 2175 762 2244 insolens,
776 2193 870 2250 neque
889 2175 1045 2250 gloriosum

100 2255 119 2307 3
139 2268 176 2307 ex
189 2269 238 2308 ore
259 2250 323 2326 ejus
337 2251 415 2308 exiit.
457 2251 518 2317 Qui
552 2251 658 2321 uidem,
673 2272 763 2327 quum
787 2272 856 2310 suas
879 2252 981 2310 laudes
995 2272 1044 2310 au·

138 2327 213 2385 diret
225 2327 386 2405 predicari,
401 2347 441 2386 nu
472 2348 562 2406 quam
576 2330 656 2388 aiud
674 2331 754 2400 dixit,
770 2350 858 2406 quam
872 2351 903 2388 se
918 2331 948 2388 in
962 2350 998 2388 ea
1013 2349 1045 2388 re

139 2407 282 2464 maximas
305 2405 360 2464 diis
381 2408 491 2484 gratias
511 2426 598 2485 agere
613 2417 699 2484 atque
723 2409 839 2480 habere,
854 2409 939 2484 quod,
954 2428 1044 2485 quum

139 2483 271 2542 Siciliam
285 2503 418 2542 recreare
433 2487 655 2557 constituissent,
671 2496 732 2544 tum
746 2507 778 2544 se
799 2488 977 2564 potissimum
992 2487 1043 2544 du-

100 2567 204 2620 lcem
226 2582 288 2620 esse
310 2563 477 2623 voluissent.
520 2564 604 2622 Nihil
626 2566 704 2623 enim
727 2584 825 2622 rerum
848 2566 1044 2622 humanarum

138 2640 201 2698 sine
221 2639 341 2698 deorum
363 2643 482 2700 numina
505 2643 570 2719 geri
593 2643 721 2720 putabat.
762 2643 863 2720 Itaque
885 2662 947 2701 suae
968 2643 1043 2702 domi

138 2717 280 2854 pagellum
300 2721 477 2794 Αὖτοματίας
489 2721 685 2792 constituerat,
700 2721 785 2798 idque
803 2722 983 2780 sanctissime
997 2741 1042 2780 co·

151 2807 227 2856 eat.
1000 2831 1007 2844 ·

100 2879 116 2934 1
178 2875 218 2934 V.
239 2876 288 2935 Ad
297 2877 378 2936 'hauc
392 2877 515 2935 hominis
523 2877 715 2935 excellentem
730 2878 885 2936 bonitatem
897 2877 1044 2936 mirabiles

138 2965 326 3015 accesserunt
353 2975 450 3014 casus.
500 2955 581 3013 Nam
605 2956 709 3032 proelia
732 2957 858 3014 maxima
882 2956 973 3013 natali
998 2956 1044 3014 die

138 3051 191 3091 suo
205 3033 274 3092 fecit
287 3035 400 3093 omnia:
421 3053 478 3111 quc
492 3033 602 3092 facturn
616 3042 668 3103 est,
683 3043 716 3092 ut
739 3035 803 3111 ejus
816 3035 893 3092 diem
917 3034 1043 3092 natalem

8 3059 68 3178 Ἃ
100 3115 118 3170 2
139 3109 245 3170 festum
258 3113 377 3172 haberet
391 3096 528 3171 universa
541 3112 654 3170 Sicilia.
677 3100 775 3170 lluic
789 3112 907 3190 quidam
924 3111 1032 3170 Lamos

137 3188 205 3258 tius,
220 3176 450 3268 honfflnlans
464 3201 492 3250 et
513 3192 653 3270 ingratus,
669 3190 865 3249 vadimonium
878 3209 970 3266 quum
985 3190 1043 3248 val-

138 3265 187 3322 let„
199 3267 355 3342 imponere,
380 3269 456 3345 quod
480 3289 549 3328 cum
573 3269 624 3327 illo
637 3288 668 3327 se
692 3269 756 3346 lege
778 3288 865 3346 agere
886 3269 1044 3339 diceret,et

138 3343 302 3420 complures
316 3349 540 3418 concurrissent,
555 3347 606 3424 qui
626 3348 831 3424 procacitatem
846 3348 969 3405 hominis
983 3366 1043 3404 ma-

138 3421 224 3480 nibus
237 3427 373 3480 coercere
387 3435 580 3483 conarentur:
602 3423 754 3482 Timoleon
775 3426 868 3483 oravit
882 3443 991 3495 omnes,
1006 3443 1044 3483 ne

137 3499 168 3558 id
181 3498 321 3559 lacerent.
356 3499 493 3578 Namque
504 3502 533 3559 id
549 3512 581 3560 ut
594 3501 742 3562 Lamestio
755 3504 917 3579 ceterisque
931 3503 1043 3574 liceret,

136 3597 168 3637 ss
182 3577 325 3637 maximos
338 3577 450 3636 labores
464 3597 639 3660 summaque¹
649 3579 754 3638 adiisse
772 3581 915 3658 pericula.
956 3580 1043 3641 Hanc
