2378 4036
155 245 197 305 ³4
273 256 278 264 ¹
390 237 464 302 vn.
487 243 517 314 a,
533 244 562 301 9.
608 235 821 319 (risiare.)

152 405 244 457 mans,
267 387 450 443 barbarorum
467 385 564 460 praeda
584 384 764 460 locupletari,
786 401 871 458 quam
893 381 1045 443 Graiorum

115 471 132 524 5
154 466 220 532 Qua
235 483 316 522 exre
331 473 463 520 creverat
475 482 561 538 quum
575 463 659 532 sami,
672 472 732 519 tum
745 463 857 537 opibus,
865 481 1053 538 magnamque

153 539 1055 617 amicitiamsibicumquibusdamregibusThraciaepepererat.

118 627 129 681 l
193 621 279 679 VIII.
307 621 411 695 Neque
420 631 516 676 tamen
530 639 547 676 a
561 619 679 676 caritate
694 618 791 694 patriae
799 619 891 693 potuit
904 620 1055 678 recedere.

154 700 230 758 Nam
238 717 325 774 quum
338 698 413 774 apud
427 699 522 774 AEgos
535 698 642 755 flumen
657 697 816 767 Philocles,
825 708 928 772 praetor
936 697 1056 756 Atheni·

155 779 275 847 ensium,
285 778 411 834 classem
422 777 620 834 constituisset
634 795 724 846 suam,
735 795 829 850 neque
841 777 926 852 longe
939 778 1055 835 abesset

155 856 315 933 Lysander,
329 853 737 930 praetorLaoedaemoniorum,
746 855 794 928 qui
808 855 837 911 in
847 873 882 911 eo
894 865 956 912 erat
970 874 1056 913 occu·

154 945 245 1014 patus,
259 944 290 991 ut
313 935 420 992 bellum
433 952 519 1008 quam
544 933 705 990 diutissime
730 933 857 1003 duceret,
882 934 958 1008 quod
982 934 1056 1008 ipsis

153 1009 278 1091 pecnnia
303 1032 320 1069 a
343 1031 413 1087 rege
438 1011 680 1087 suppeditabatur,
705 1021 804 1068 contra
828 1011 1055 1070 Atheniensibus

115 1100 132 1150 2
155 1092 303 1150 exhaustis
324 1101 425 1167 praeter
440 1109 518 1147 arma
532 1100 561 1147 et
575 1109 666 1146 naves
680 1089 753 1146 nihil
768 1101 829 1146 erat
849 1109 953 1166 super:
977 1091 1056 1149 Alci·

153 1172 254 1230 biades
264 1171 298 1227 ad
309 1169 467 1227 exercitum
474 1169 553 1226 venit
563 1169 792 1239 Atheniensium,
801 1168 897 1243 ibique
912 1180 1054 1244 praesente

153 1251 239 1324 vulgo
254 1268 340 1324 agere
356 1248 450 1322 coepit,
466 1248 492 1304 si
505 1249 622 1317 vellent,
637 1266 669 1303 se
689 1256 854 1304 coacturum
875 1247 1055 1323 Lysandrum

154 1339 202 1385 aut
210 1327 356 1396 dimicare,
368 1338 416 1383 aut
426 1345 529 1401 pacem
542 1336 658 1401 petere:
683 1325 919 1383 Lacedaemonios
931 1345 967 1383 eo
978 1328 1055 1384 nolle

155 1407 310 1482 confligere
333 1406 439 1474 classe,
461 1405 536 1478 quod
559 1405 741 1479 pedestribus
767 1405 859 1479 copiis
882 1405 958 1480 plus,
972 1424 1055 1480 quam

117 1490 132 1546 d
153 1485 284 1554 navibus,
293 1485 436 1553 valerent;
456 1483 512 1540 sibi
521 1495 615 1540 autern
624 1502 691 1540 esse
701 1483 797 1553 sacile,
808 1483 947 1554 Seuthen,
956 1503 1055 1560 regem

154 1563 308 1632 Thracum,
323 1562 477 1630 deducere,
491 1572 523 1618 ut
543 1581 594 1618 eos
614 1573 690 1618 terra
710 1562 887 1638 depelleret:
909 1581 965 1637 quo
979 1563 1055 1620 facto

153 1639 321 1700 necessario
331 1652 378 1698 aut
387 1641 482 1698 classe
493 1640 684 1710 conflicturos,
700 1651 747 1696 aut
761 1642 868 1698 bellum
884 1642 1055 1717 compositu·

115 1727 211 1780 tros.
261 1721 296 1779 Id
320 1721 375 1778 etsi
398 1739 467 1777 vere
495 1720 602 1776 dictum
630 1719 778 1776 Philocles
804 1720 1055 1790 animadvertebat,

153 1810 249 1858 tamen
262 1801 404 1876 postulata
418 1799 514 1856 lacere
535 1799 634 1868 noluit,
648 1799 724 1872 quod
744 1799 896 1868 sentiebat,
910 1818 954 1869 se,
977 1799 1055 1857 Alci·
1135 1872 1136 1875 Ἴ

153 1880 238 1938 biade
252 1889 379 1955 recepto,
393 1879 500 1936 nullius
511 1877 647 1935 momenti
661 1877 736 1952 apud
751 1877 909 1934 exercitum
922 1877 1054 1948 futurum,

155 1969 192 2029 et,
201 1959 228 2016 si
236 1959 304 2034 quid
314 1957 435 2015 secundi
445 1957 601 2026 evenisset,
609 1957 716 2013 nullam
724 1955 755 2012 in
764 1976 800 2013 ea
812 1975 844 2013 re
856 1975 938 2013 suam
945 1969 1054 2033 partem

154 2037 233 2106 fore;
255 2048 355 2092 contra
369 2055 413 2104 ea,
422 2035 449 2092 si
462 2035 530 2108 quid
544 2034 657 2091 adversi
672 2034 838 2105 accidisset,
848 2055 881 2092 se
895 2054 983 2093 unum
992 2037 1053 2112 ejus

115 2121 133 2173 5
154 2114 254 2171 delicti
277 2114 400 2170 futurum
426 2131 516 2168 reum.
559 2114 602 2169 Ab
627 2111 683 2170 hoc
705 2113 861 2171 discedens
876 2115 1053 2185 Alcibiades,

154 2194 289 2268 qrwniam,
313 2190 412 2264 inquit,
437 2193 555 2247 victorie
571 2194 669 2268 patrie
691 2213 839 2270 repugnas,
860 2193 930 2250 illud
953 2214 1053 2264 moneo,

148 2272 233 2346 juata
255 2270 359 2326 hostem
372 2279 465 2326 castra
489 2270 590 2327 habeas
606 2273 736 2329 nautica:
753 2272 906 2349 morulam
919 2283 962 2330 est
975 2275 1053 2342 enim,

154 2369 187 2406 nc
201 2348 371 2405 immodestid
384 2348 501 2404 militum
514 2360 670 2406 nostrorum
690 2353 795 2407 occasio
809 2351 890 2408 detur
903 2351 1053 2428 Lysandro
1073 2415 1076 2422 Ι

154 2429 244 2485 nostri
257 2427 424 2503 opprimendi
437 2429 581 2485 accercitus.
623 2428 726 2503 Neque
738 2448 774 2486 ea
784 2447 832 2487 res
846 2429 928 2487 illinn
941 2429 1053 2488 fefellit.

115 2509 134 2564 6
155 2506 231 2564 Nam
256 2505 415 2580 Lysander,
440 2524 526 2580 quum
551 2526 604 2582 per
630 2505 827 2582 speculatores
855 2509 1054 2585 comperisset,

154 2583 271 2660 vulgum
293 2583 515 2642 Atheniensium
534 2585 565 2642 in
588 2596 692 2642 terram
714 2587 869 2661 praedatum
884 2588 992 2658 exisse,
1005 2607 1054 2645 na·

153 2681 262 2737 vesque
286 2681 367 2738 paene
392 2663 493 2720 inanes
515 2663 642 2735 relictas,
654 2675 767 2740 tempus
789 2666 832 2722 rei
849 2666 984 2742 gerendae
997 2683 1054 2724 non

155 2741 270 2812 dimisit,
285 2760 376 2816 eoque
391 2740 499 2816 impetu
511 2753 602 2800 totum
614 2743 721 2800 bellum
734 2743 851 2801 delevit.

116 2825 128 2878 l
192 2820 247 2880 IX.
289 2821 327 2878 At
350 2819 528 2890 Alcibiades,
548 2821 634 2878 victis
659 2821 885 2880 Atheniensibus
906 2824 1054 2881 nonsatis

153 2911 213 2959 tuta
226 2899 329 2958 eadem
341 2899 407 2956 loca
421 2898 477 2956 sibi
491 2901 650 2970 arbitratus,
664 2897 779 2976 penitus
799 2901 830 2958 in
850 2901 1008 2959 Thraciam
1022 2922 1055 2960 se

153 2999 240 3057 supra
260 2977 464 3055 Propontidem
478 2978 595 3048 abdidit,
609 2997 739 3053 sperans,
754 2979 794 3036 ibi
815 2980 953 3038 facillime
974 3000 1055 3038 suam

68 3089 74 3101 ·
114 3063 133 3116 2
154 3059 293 3116 fortunam
306 3056 402 3115 occuli
415 3075 514 3132 posse.
536 3057 634 3114 Falso.
657 3057 734 3114 Nam
748 3057 890 3129 Thraces,
904 3069 1055 3133 postquam

154 3155 220 3193 eum
228 3155 293 3193 cum
300 3135 536 3212 magnapecunia
546 3135 663 3193 venisse
675 3148 836 3207 senserunt,
845 3137 967 3194 insidias
977 3138 1055 3195 fece·

153 3223 234 3271 runt:
256 3214 305 3287 qui
319 3234 364 3285 ea,
377 3233 439 3288 que
453 3224 623 3290 apportarat,
638 3215 823 3285 abstulerunt,
838 3215 934 3290 ipsum
950 3235 1055 3292 capere

117 3295 133 3351 Ι
152 3309 211 3349 non
230 3301 389 3365 potuerunt.
431 3293 486 3350 Ille
501 3312 634 3363 cernens,
648 3294 757 3350 nullum
778 3294 875 3350 locum
896 3293 952 3351 sibi
966 3305 1055 3352 tutum

153 3369 184 3427 in
213 3367 328 3426 Gracia
361 3380 476 3443 propter
502 3372 660 3444 potentiam
694 3371 988 3442 Lacedaemoniorum,
1019 3373 1056 3430 ad

90 3490 94 3494 -
153 3445 371 3509 Pharnabazum
383 3446 414 3503 in
428 3447 529 3504 Asiam
541 3449 672 3506 transiit:
694 3468 779 3532 quem
792 3450 907 3538 quidem
916 3450 990 3508 adeo
1003 3470 1055 3509 sua

152 3525 232 3602 capit
244 3523 428 3594 humanitate,
442 3533 473 3580 ut
492 3543 558 3582 eum
570 3544 655 3583 nemo
669 3527 700 3584 in
714 3527 840 3584 amrcrtia
860 3527 1055 3586 antecederet.

152 3600 285 3681 quue
294 3602 322 3661 ei
338 3601 478 3661 Gruuium
492 3602 611 3660 dederat
623 3603 654 3660 in
668 3603 797 3680 Phrygia
806 3616 940 3675 castrum,
955 3623 1056 3683 exque
