2378 4036
385 229 445 295 rx.
471 239 498 308 1,
514 239 544 308 s,
560 239 590 297 s.
633 234 784 314 (onan.)
991 245 1034 306 so

167 379 363 438 Amnestum
384 379 588 457 Tissepdsnnen
596 399 649 457 pet
671 381 781 441 litteras
793 386 855 460 ogit
874 405 934 442 enm
947 387 1035 446 Arte·

167 477 257 515 serae.
290 457 347 515 IV.
373 457 467 515 Vincit
480 457 702 517 Lotedemonios
714 462 753 518 od
768 461 898 520 Gnidum.
924 464 1034 524 Grecis

166 537 301 594 liberetur
310 547 338 594 et
347 537 559 593 Atheniensium
568 539 642 593 muri
651 539 821 618 reficiantur.
862 539 896 598 V.
912 544 942 599 A
957 542 1032 602 Tin·-

166 616 237 672 bnso
251 617 282 672 in
294 615 405 672 mnenlo
419 615 572 690 conjicitur.

164 772 189 830 Ι.
233 772 345 841 Conon,
366 770 565 841 Atheniensis,
585 771 800 848 Peloponnesio
812 777 891 835 bello
904 779 1032 837 necessit
1053 783 1066 838 l
1114 786 1116 794 ’

127 851 162 908 ad
175 850 392 926 rempublicam,
406 849 437 906 in
452 868 543 924 eoque
558 851 621 926 ejus
636 869 724 925 opera
737 855 834 930 magni
851 855 912 914 suit.
954 858 1030 915 Nam

126 940 154 986 et
175 939 280 1005 praetor
300 927 483 1004 pedestribus
498 929 673 986 exercitibus
687 931 808 1005 praesnit,
823 944 853 990 et
875 935 1029 1010 praelectus

126 1008 232 1065 classis
245 1026 294 1064 res
307 1025 427 1082 magnas
440 1006 512 1063 mari
527 1007 628 1082 gessit.
670 1009 797 1074 Quasob
812 1031 915 1070 causas
929 1015 1030 1090 praeoi·

125 1105 196 1162 puns
222 1086 251 1143 ei
275 1085 368 1142 honos
392 1084 507 1143 habitus
533 1095 587 1142 est.
641 1086 774 1162 Namque
799 1091 930 1149 omnibus
954 1111 1028 1151 unus

125 1164 227 1222 insulis
242 1164 371 1240 praefuit:
393 1164 424 1220 in
437 1182 493 1238 qua
505 1174 647 1239 potestate
662 1164 774 1224 Pheras
789 1169 876 1244 oepit,
886 1171 1029 1229 coloniam

125 1242 418 1301 Lacedaemoniorum.
450 1242 518 1300 Fuit
528 1241 615 1299 etiam
624 1253 752 1302 extremo
767 1247 910 1324 Pelopon·
966 1281 1004 1320 405
1048 1253 1066 1307 2

124 1323 206 1380 nesio
214 1323 292 1379 bello
301 1332 412 1396 praetor,
421 1340 506 1395 quum
515 1321 590 1396 apud
598 1322 693 1396 AEgos
702 1324 808 1383 fiumen
818 1327 910 1403 eopiae
935 1341 956 1369 ³·
969 1330 993 1370 0·
1006 1341 1027 1371 η·

125 1400 346 1460 Atheniensium
372 1419 390 1456 a
419 1400 570 1475 Lysandro
598 1411 664 1457 sunt
691 1402 822 1463 devietae.
878 1407 939 1464 Sed
968 1417 1028 1465 turn

124 1479 221 1550 abluit,
233 1499 325 1553 eoque
338 1480 423 1555 pejus
431 1497 479 1536 res
489 1478 685 1544 administrata
694 1493 748 1540 est.
778 1485 1027 1561 Nametprudens
1089 1515 1094 1524 ·

123 1559 165 1616 rei
189 1558 334 1629 militaris,
355 1568 384 1616 et
408 1557 533 1634 diligens
548 1568 609 1615 erat
630 1560 753 1636 imperii.
795 1564 895 1638 Itaque
918 1563 1028 1622 nemini
1049 1569 1066 1622 3

124 1649 184 1696 erat
195 1637 243 1695 his
257 1639 433 1714 temporibus
444 1637 569 1707 dubium,
583 1638 610 1694 si
624 1638 764 1711 affuisset,
779 1642 861 1700 illam
869 1642 1028 1700 Athenien·

123 1737 171 1774 ses
187 1717 379 1774 calamitatem
393 1726 563 1791 accepturos
577 1734 636 1774 non
649 1716 752 1776 luisse.

161 1797 202 1854 Il.
225 1796 325 1868 Rebus
335 1807 430 1853 antem
439 1795 562 1864 afflictis,
574 1814 660 1869 quum
668 1797 790 1871 patriam
798 1798 925 1855 obsideri
934 1798 1028 1855 audis·
1051 1803 1064 1855 l

122 1886 176 1946 set,
189 1894 248 1932 non
262 1875 403 1949 quaesivit,
417 1873 466 1932 ubi
480 1874 544 1948 ipse
558 1885 618 1930 tuto
632 1875 751 1944 vireret,
766 1877 820 1933 sed
832 1876 909 1932 unde
966 1906 1004 1946 ³99

122 1954 256 2030 praesidio
270 1963 372 2028 posset
385 1972 453 2010 esse
465 1952 575 2010 civibus
587 1952 658 2009 suis.
680 1954 779 2028 Itaque
792 1954 911 2011 contulit
937 1965 957 1994 ⁸·
971 1956 994 1995 ⁰·
1006 1966 1027 1995 ¹¹·

122 2053 154 2090 se
169 2033 206 2090 ad
221 2032 448 2101 Pharnabazum,
464 2041 598 2107 satrapen
609 2032 699 2090 Ioniae
714 2043 744 2089 et
757 2033 869 2109 Lydiae,
884 2031 1028 2090 eumdem·

122 2131 175 2186 qne
187 2130 327 2188 generum
336 2111 415 2187 regis
425 2120 454 2168 et
466 2111 671 2185 propinquum:
694 2111 770 2186 apud
778 2131 863 2187 quem
870 2123 901 2170 ut
908 2112 1027 2170 multum

121 2191 213 2266 matii
225 2191 344 2259 valeret,
359 2191 448 2247 multo
468 2189 565 2246 labore
580 2190 731 2265 multisque
754 2191 853 2249 effecit
875 2191 1025 2268 periculis.

122 2270 198 2327 Nam
223 2288 309 2343 quum
337 2268 562 2336 Lacedaemonii,
587 2267 814 2328 Atheniensibus
837 2271 971 2340 devietis,
995 2269 1026 2328 in
1046 2274 1065 2327 2

121 2349 261 2406 societate
275 2366 333 2405 non
346 2356 506 2416 manerent,
522 2365 607 2420 quam
628 2366 693 2404 oum
713 2349 873 2406 Artaxerxe
888 2349 1026 2418 seoerant,

121 2427 346 2504 Agesilaumque
373 2427 510 2484 bellatum
533 2424 683 2483 misissent
710 2426 742 2484 in
766 2429 877 2498 Asiam,
900 2428 1026 2485 maxime

122 2505 237 2582 impulsi
252 2525 270 2562 a
283 2505 492 2581 Tissapherne,
507 2503 555 2578 qui
577 2522 614 2561 ex
633 2505 743 2562 intimis
757 2506 836 2582 regis
851 2508 886 2564 ab
901 2506 1027 2564 amicitia

122 2586 183 2661 ejus
193 2584 352 2654 defecerat,
364 2595 394 2641 et
405 2602 470 2640 cum
479 2583 710 2641 Laoedaemoniis
720 2585 829 2642 coierat
837 2585 1024 2643 societatem:

122 2660 196 2721 hunc
218 2663 357 2720 adversus
379 2663 583 2721 Phamabazns
603 2661 716 2721 habitus
736 2673 782 2720 est
801 2664 971 2740 imperator,
992 2681 1025 2721 re

122 2743 237 2816 quidem
249 2761 319 2798 vera
333 2741 474 2798 exercitui
487 2740 599 2816 praefnit
613 2741 725 2812 Conon,
740 2743 859 2819 ejusque
874 2743 970 2800 omnia
983 2760 1026 2799 ar·

122 2822 204 2879 bitrio
219 2831 304 2896 gesta
317 2831 392 2878 sunt.
433 2819 493 2877 Hie
506 2821 624 2877 multum
638 2820 742 2878 ducem
758 2841 907 2891 summum,
922 2820 1027 2896 Agesi·
1047 2823 1065 2877 3

123 2901 206 2970 laum,
221 2899 380 2974 impedivit,
395 2917 529 2974 saepeque
552 2900 614 2975 ejus
630 2900 761 2957 consiliis
786 2900 910 2968 obstitit;
931 2916 1025 2971 neque

124 2997 189 3036 vero
211 2997 271 3036 non
293 2977 346 3036 suit
370 2987 508 3053 apertum,
529 2978 556 3034 si
578 2978 629 3035 ille
650 2997 709 3036 non
730 2978 842 3048 fuisset,
857 2975 1027 3052 Agesilaum

124 3057 224 3115 Asiam
237 3057 335 3114 Tauro
349 3066 433 3114 tenne
447 3056 511 3132 regi
524 3056 615 3114 luisse
625 3056 797 3132 erepturum.
840 3055 899 3120 Qui
912 3063 1026 3130 postea·
1047 3060 1064 3112 t

123 3155 204 3211 qnam
218 3135 334 3192 domum
348 3155 365 3192 a
379 3135 440 3192 suis
461 3133 572 3192 eiribus
585 3145 737 3193 revocatus
758 3143 812 3204 est,
826 3133 901 3208 quod
921 3133 1026 3192 Boeotii

124 3229 150 3272 et
165 3213 363 3273 Athenienses
379 3213 608 3271 Lacedaemoniis
618 3213 726 3270 bellum
739 3212 909 3283 indixerant,
924 3213 1026 3272 Conon

124 3293 212 3351 nihilo
234 3292 334 3349 secius
355 3292 429 3368 apud
447 3291 599 3368 praefeotos
620 3291 698 3366 regis
726 3292 902 3356 versabatur.
922 3291 1025 3368 hisque

125 3372 253 3430 omnibus
268 3371 393 3427 maximo
408 3381 469 3427 erat
482 3371 557 3427 usui.

161 3450 218 3509 111.
241 3448 401 3506 Defecerat
414 3467 510 3523 aroge
522 3447 850 3523 Tissaphemes,neque
864 3449 895 3506 id
906 3459 965 3506 tam
973 3449 1026 3506 Ar-
1049 3452 1061 3506 l
1096 3490 1097 3494 ,

127 3527 242 3598 taxerxi,
256 3545 343 3602 quam
358 3527 474 3596 ceteris,
490 3537 551 3583 erat
564 3536 702 3602 apertum.
744 3527 846 3584 Multis
861 3527 938 3583 enim
948 3544 1028 3600 mag·
1070 3554 1072 3558 .

128 3605 224 3681 nisque
245 3604 359 3663 meritis
380 3605 456 3680 apud
479 3623 588 3680 regern,
602 3603 690 3661 etiam
710 3623 796 3678 quum
815 3603 847 3659 in
859 3602 956 3660 officio
968 3619 1027 3660 non
