2378 4036
105 37 212 281 l(

387 270 447 337 x1.
486 279 513 348 1,
536 279 566 336 o.
612 273 825 358 (pomae.)
1020 279 1065 340 cr

319 639 405 716 XI.
457 639 914 717 IPHIGRATES.

455 966 766 1026 ARGUMENTUM.

161 1085 301 1146 cAP.1.
326 1083 486 1163 Disciplina
503 1084 620 1142 militari
639 1085 749 1143 sculdic.
790 1085 835 1144 II.
855 1086 932 1162 Ejus
955 1088 1050 1166 copodo

196 1167 287 1224 tiones
294 1164 414 1222 tenue.-
429 1163 467 1221 od
478 1163 791 1232 Coriolanorum
803 1163 937 1236 Thraces,
946 1165 1062 1246 AEgyp·
1159 1221 1163 1227 .

195 1246 261 1314 tior,
273 1254 355 1320 atquc
368 1240 508 1299 Arcados.
545 1240 607 1298 III.
629 1241 879 1319 Iphicratismorce
889 1247 1062 1322 corporisque

187 1321 296 1400 soem.

195 1451 221 1509 1.
262 1449 434 1527 Iphicrates,
462 1449 662 1520 Atheniensis,
688 1469 746 1508 nou
772 1462 831 1509 tam
862 1454 1058 1529 magnitudine
1082 1461 1093 1513 l

156 1547 251 1587 rerum
264 1541 419 1605 gestarum,
433 1547 517 1604 quam
530 1527 685 1604 disciplina
697 1529 814 1587 militari
828 1531 993 1603 nobilitatus
1004 1543 1059 1591 eet.
1088 1523 1095 1538 ’

121 1676 126 1691 '
157 1609 229 1666 Fuit
238 1609 317 1684 enirn
326 1607 394 1664 telis
408 1607 475 1686 dux,
485 1616 517 1663 ut
529 1625 587 1664 non
597 1607 691 1664 solum
704 1607 795 1666 aetatis
809 1628 868 1666 auae
880 1628 946 1666 cum
958 1610 1059 1686 primis

61 1655 118 1766 βξ
157 1687 378 1763 compararetur,
394 1685 447 1743 sed
466 1705 505 1743 ne
526 1684 563 1742 de
583 1686 738 1762 majoribus
758 1697 827 1744 natu
847 1687 963 1762 quidem
982 1689 1060 1764 quis-

113 1776 124 1833 ².
155 1770 240 1840 quam
255 1764 486 1840 anteponeretur.
528 1764 651 1822 Multum
663 1782 734 1820 vero
755 1764 786 1821 in
805 1766 883 1822 bello
904 1776 950 1822 eet
963 1785 1059 1823 verea-
1080 1773 1098 1839 2

126 1836 219 1913 'tus3
252 1861 330 1919 saepe
353 1843 528 1900 exercitibus
549 1841 679 1918 praefuit3
707 1861 847 1916 nusquam
869 1843 954 1917 culpa
980 1844 1057 1922 [sua]

155 1923 231 1980 male
254 1940 327 1978 rem.
340 1921 449 1997 gessit;
471 1939 586 1996 semper
608 1920 731 1978 consilio
744 1919 823 1990 vicit,
838 1931 1001 1995 tantumque
1023 1941 1059 1980 eo

156 2000 255 2070 valuit,
283 2009 315 2057 ut
340 2000 429 2057 multi
454 1999 486 2056 in
506 2017 538 2056 re
559 1997 677 2056 militari
699 1997 803 2074 partim
825 2017 901 2056 nova
924 1999 1058 2072 attulerit,

155 2079 260 2155 partim
281 2077 404 2135 meliora
419 2077 539 2156 ffflgit.
581 2078 712 2152 Namque
737 2078 788 2134 ille
809 2077 957 2154 pedestria
980 2097 1059 2138 arma
1079 2085 1096 2138 3

61 2144 129 2192 s
154 2157 282 2228 mutavit,
296 2175 383 2232 quum
396 2167 461 2213 ante
476 2156 558 2213 illum
571 2156 772 2232 imperatorem
784 2155 919 2214 maximis
933 2158 1056 2234 clypeis,

153 2235 293 2293 brevibus
313 2234 415 2306 hastis,
429 2234 546 2292 minutis
568 2235 672 2310 gladiis
692 2245 847 2293 uterentur.
887 2235 942 2294 Ille
957 2256 974 2294 e
989 2255 1057 2295 con·
1076 2242 1095 2296 4

153 2313 243 2372 trario
256 2314 365 2390 peltam
378 2332 430 2389 pro
449 2331 548 2389 parma
567 2312 638 2370 fecit
658 2314 688 2390 (a
701 2332 757 2389 quo
776 2325 878 2390 postea
900 2318 1057 2374 astrudem*
1109 2345 1112 2373 t

153 2392 270 2467 pedites
294 2392 494 2468 appellentur),
508 2401 539 2448 ut
559 2391 596 2448 ed
614 2401 707 2448 motus
725 2410 939 2467 concursusque
957 2405 1058 2452 esseut
1106 2378 1112 2427 l
1153 2465 1157 2472 ᾗ

153 2470 293 2528 leviores.
321 2470 435 2529 'Hasta
448 2470 563 2527 modum
583 2469 757 2545 duplicavit3
779 2471 890 2546 gladios
909 2458 1056 2548 longidtes

153 2549 234 2607 fecit.
270 2549 353 2606 Idem
367 2555 457 2624 genus
471 2547 624 2606 loricarum
637 2547 764 2618 mutavit,
774 2560 803 2606 et
812 2567 864 2625 pro
874 2549 960 2607 sertis
972 2561 1056 2626 atque
1092 2617 1098 2631 .

154 2627 246 2686 reneis
259 2627 367 2685 linteas
381 2626 469 2684 dedit.
505 2627 571 2693 Quo
582 2627 658 2683 facto
669 2627 863 2702 expeditiores
873 2628 982 2686 milites
992 2629 1057 2687 red·
1087 2638 1094 2649 '

153 2705 236 2764 didit.
278 2705 309 2763 N
310 2724 356 2762 am
368 2705 495 2781 pondere
507 2705 643 2776 detracto,
652 2705 727 2780 quod
741 2725 819 2780 acque
831 2725 934 2782 corpus
945 2717 1057 2784 tegeret

154 2795 184 2842 et
196 2784 264 2842 leve
280 2795 370 2854 esset,
385 2785 504 2841 curavit.

193 2863 235 2921 ΙΙ.
257 2863 374 2920 Bellum
395 2882 461 2919 cum
474 2861 637 2920 Thracibus
652 2862 761 2938 gessit3
784 2862 924 2932 Seuthen,
944 2863 1056 2921 socium
1077 2868 1090 2922 l

154 2939 388 3011 Atheniensium,
408 2941 440 2999 in
458 2943 579 3017 reguum
598 2940 731 2999 restituit.
773 2941 858 3016 Apud
879 2941 935 2997 Co·
997 2965 1035 3006 ³93

153 3015 281 3076 rinthum
301 3029 380 3076 tanta
407 3019 563 3076 severitate
592 3019 733 3076 exercitui
760 3018 880 3094 praefuit,
907 3028 938 3074 ut
975 3015 1058 3056 ΒΜ

153 3098 241 3155 nullae
262 3116 397 3172 umquam
416 3097 448 3155 in
474 3097 588 3154 Graecia
609 3117 703 3172 nequo
722 3095 940 3153 exercitatiores
955 3097 1055 3175 copiae,

152 3195 247 3250 neque
268 3175 362 3251 magis
385 3175 472 3233 dimo¹
484 3176 634 3234 audientes
653 3174 758 3232 suerint
778 3174 862 3244 duci,
883 3173 914 3232 in
935 3194 1053 3252 eamque
1074 3182 1097 3235 2

154 3253 396 3312 consuetudinem
416 3254 542 3324 adduxit,
555 3266 595 3324 ut,
609 3248 705 3328 quum*
714 3245 808 3327 prtem
828 3253 941 3329 signum
954 3257 989 3313 ab
1004 3257 1056 3314 im·

154 3343 287 3408 peratore
295 3343 382 3390 esset
395 3333 500 3403 datum,
511 3332 575 3389 sine
590 3332 672 3389 ducis
686 3349 775 3407 opera
785 3331 830 3389 sic
841 3333 976 3391 ordinata
988 3352 1056 3393 con·

98 3422 106 3434 ·
154 3409 302 3481 sisterent,
316 3421 348 3468 ut
362 3411 469 3487 singuli
490 3413 525 3468 ab
538 3410 716 3485 peritissimo
736 3409 907 3486 imperatore
922 3412 1056 3488 dispositu

61 3504 106 3521 ἢ
154 3487 330 3548 viderentur.
385 3489 452 3548 Hoc
480 3490 610 3546 exercitu
635 3507 744 3546 moram
772 3489 1093 3548 Lacedaemoniomm3
1134 3492 1135 3495 ’

61 3538 69 3603 l
155 3550 327 3645 ififfreeptt:
349 3567 425 3643 quod
437 3567 562 3624 maxime
585 3577 644 3624 tota
668 3568 848 3646 celebratum
864 3578 910 3626 est
931 3566 1045 3623 Graeoia

155 3642 262 3704 lterum
276 3646 380 3705 eodem
399 3645 477 3703 bello
497 3662 597 3702 omnes
619 3644 719 3720 copies
739 3662 837 3701 eorum
851 3642 969 3723 fugavit.
990 3641 1058 3710 Qua
