<?xml version="1.0" encoding="UTF-8"?>
<!DOCTYPE html PUBLIC "-//W3C//DTD XHTML 1.0 Transitional//EN"
    "http://www.w3.org/TR/xhtml1/DTD/xhtml1-transitional.dtd">
<html xmlns="http://www.w3.org/1999/xhtml" xml:lang="en" lang="en">
 <head>
  <title>
</title>
<meta http-equiv="Content-Type" content="text/html;charset=utf-8" />
  <meta name='ocr-system' content='tesseract 3.04.00' />
  <meta name='ocr-capabilities' content='ocr_page ocr_carea ocr_par ocr_line ocrx_word'/>
</head>
<body>
  <div class='ocr_page' id='page_1' title='image "./corneliusneposw06nepogoog_0071.png"; bbox 0 0 2378 4036; ppageno 0'>
   <div class='ocr_carea' id='block_1_1' title="bbox 168 215 890 311">
    <p class='ocr_par' dir='ltr' id='par_1_1' title="bbox 168 215 890 311">
     <span class='ocr_line' id='line_1_1' title="bbox 168 215 890 311; baseline -0.003 -30"><span class='ocrx_word' id='word_1_1' title='bbox 168 220 212 281; x_wconf 77' lang='lat'>64</span> <span class='ocrx_word' id='word_1_2' title='bbox 346 215 418 282; x_wconf 86' lang='lat' dir='ltr'>XV.</span> <span class='ocrx_word' id='word_1_3' title='bbox 440 225 494 311; x_wconf 47' lang='grc' dir='ltr'>χ9,</span> <span class='ocrx_word' id='word_1_4' title='bbox 517 224 565 283; x_wconf 88' lang='grc'>10.</span> <span class='ocrx_word' id='word_1_5' title='bbox 611 215 890 301; x_wconf 70' lang='lat' dir='ltr'>(Epaminondas.)</span> 
     </span>
    </p>
   </div>
   <div class='ocr_carea' id='block_1_2' title="bbox 71 368 1070 1468">
    <p class='ocr_par' dir='ltr' id='par_1_2' title="bbox 127 368 1070 760">
     <span class='ocr_line' id='line_1_2' title="bbox 127 368 1056 446; baseline 0.003 -21"><span class='ocrx_word' id='word_1_6' title='bbox 127 371 146 425; x_wconf 77' lang='lat'>2</span> <span class='ocrx_word' id='word_1_7' title='bbox 166 369 292 446; x_wconf 88' lang='lat' dir='ltr'>putabat,</span> <span class='ocrx_word' id='word_1_8' title='bbox 307 369 391 444; x_wconf 89' lang='lat' dir='ltr'>quod,</span> <span class='ocrx_word' id='word_1_9' title='bbox 406 369 476 445; x_wconf 86' lang='lat' dir='ltr'>quid</span> <span class='ocrx_word' id='word_1_10' title='bbox 489 370 605 441; x_wconf 86' lang='lat' dir='ltr'>diceret,</span> <span class='ocrx_word' id='word_1_11' title='bbox 620 388 678 428; x_wconf 92' lang='lat' dir='ltr'>non</span> <span class='ocrx_word' id='word_1_12' title='bbox 691 369 819 427; x_wconf 86' lang='lat' dir='ltr'>haberet.</span> <span class='ocrx_word' id='word_1_13' title='bbox 861 370 903 427; x_wconf 89' lang='lat' dir='ltr'>At</span> <span class='ocrx_word' id='word_1_14' title='bbox 916 368 967 426; x_wconf 91' lang='lat' dir='ltr'>ille</span> <span class='ocrx_word' id='word_1_15' title='bbox 981 369 1011 426; x_wconf 92' lang='lat' dir='ltr'>in</span> <span class='ocrx_word' id='word_1_16' title='bbox 1021 369 1056 446; x_wconf 87' lang='lat' dir='ltr'>ju</span> 
     </span>
     <span class='ocr_line' id='line_1_3' title="bbox 166 446 1068 526; baseline 0.002 -22"><span class='ocrx_word' id='word_1_17' title='bbox 166 446 275 504; x_wconf 83' lang='lat' dir='ltr'><strong>dicium</strong></span> <span class='ocrx_word' id='word_1_18' title='bbox 289 449 383 505; x_wconf 90' lang='lat' dir='ltr'>venit:</span> <span class='ocrx_word' id='word_1_19' title='bbox 404 448 476 505; x_wconf 92' lang='lat' dir='ltr'>nihil</span> <span class='ocrx_word' id='word_1_20' title='bbox 496 467 596 506; x_wconf 89' lang='lat' dir='ltr'>eornm</span> <span class='ocrx_word' id='word_1_21' title='bbox 610 449 736 526; x_wconf 87' lang='lat' dir='ltr'>negavit,</span> <span class='ocrx_word' id='word_1_22' title='bbox 751 467 817 523; x_wconf 84' lang='lat' dir='ltr'>quae</span> <span class='ocrx_word' id='word_1_23' title='bbox 836 448 994 505; x_wconf 87' lang='lat' dir='ltr'>adversarii</span> <span class='ocrx_word' id='word_1_24' title='bbox 1014 449 1068 506; x_wconf 87' lang='lat' dir='ltr'>cri·</span> 
     </span>
     <span class='ocr_line' id='line_1_4' title="bbox 166 525 1070 604; baseline 0.001 -21"><span class='ocrx_word' id='word_1_25' title='bbox 166 526 237 583; x_wconf 90' lang='lat' dir='ltr'>mini</span> <span class='ocrx_word' id='word_1_26' title='bbox 251 525 365 596; x_wconf 87' lang='lat' dir='ltr'>dabant,</span> <span class='ocrx_word' id='word_1_27' title='bbox 377 529 539 602; x_wconf 85' lang='lat' dir='ltr'>omniaque,</span> <span class='ocrx_word' id='word_1_28' title='bbox 554 546 619 602; x_wconf 84' lang='lat' dir='ltr'>quae</span> <span class='ocrx_word' id='word_1_29' title='bbox 633 527 753 604; x_wconf 74' lang='lat' dir='ltr'>collegae</span> <span class='ocrx_word' id='word_1_30' title='bbox 767 526 907 596; x_wconf 80' lang='lat' dir='ltr'>dixerant,</span> <span class='ocrx_word' id='word_1_31' title='bbox 922 525 1070 584; x_wconf 85' lang='lat' dir='ltr'>consessus</span> 
     </span>
     <span class='ocr_line' id='line_1_5' title="bbox 166 605 1068 683; baseline 0.002 -22"><span class='ocrx_word' id='word_1_32' title='bbox 166 614 217 674; x_wconf 80' lang='lat' dir='ltr'>est,</span> <span class='ocrx_word' id='word_1_33' title='bbox 232 623 327 681; x_wconf 93' lang='lat' dir='ltr'>neque</span> <span class='ocrx_word' id='word_1_34' title='bbox 345 606 499 674; x_wconf 90' lang='lat' dir='ltr'>recusavit,</span> <span class='ocrx_word' id='word_1_35' title='bbox 514 624 571 682; x_wconf 93' lang='lat' dir='ltr'>quo</span> <span class='ocrx_word' id='word_1_36' title='bbox 585 607 682 663; x_wconf 89' lang='lat' dir='ltr'>minus</span> <span class='ocrx_word' id='word_1_37' title='bbox 706 606 779 683; x_wconf 90' lang='lat' dir='ltr'>legis</span> <span class='ocrx_word' id='word_1_38' title='bbox 804 624 920 681; x_wconf 88' lang='lat' dir='ltr'>poenam</span> <span class='ocrx_word' id='word_1_39' title='bbox 940 605 1068 679; x_wconf 89' lang='lat' dir='ltr'>subiret;</span> 
     </span>
     <span class='ocr_line' id='line_1_6' title="bbox 165 682 1069 760; baseline 0.003 -21"><span class='ocrx_word' id='word_1_40' title='bbox 165 682 215 740; x_wconf 88' lang='lat' dir='ltr'>sed</span> <span class='ocrx_word' id='word_1_41' title='bbox 230 701 321 740; x_wconf 92' lang='lat' dir='ltr'>unum</span> <span class='ocrx_word' id='word_1_42' title='bbox 336 685 372 741; x_wconf 91' lang='lat' dir='ltr'>ab</span> <span class='ocrx_word' id='word_1_43' title='bbox 386 686 422 742; x_wconf 90' lang='lat' dir='ltr'>iis</span> <span class='ocrx_word' id='word_1_44' title='bbox 443 686 550 760; x_wconf 89' lang='lat' dir='ltr'>petivit,</span> <span class='ocrx_word' id='word_1_45' title='bbox 566 696 597 742; x_wconf 92' lang='lat' dir='ltr'>ut</span> <span class='ocrx_word' id='word_1_46' title='bbox 611 687 641 741; x_wconf 92' lang='lat' dir='ltr'>in</span> <span class='ocrx_word' id='word_1_47' title='bbox 656 684 784 760; x_wconf 89' lang='lat' dir='ltr'>periculo</span> <span class='ocrx_word' id='word_1_48' title='bbox 797 703 850 741; x_wconf 91' lang='lat' dir='ltr'>suo</span> <span class='ocrx_word' id='word_1_49' title='bbox 864 683 1069 742; x_wconf 79' lang='lat' dir='ltr'><strong>inscriberent:</strong></span> 
     </span>
    </p>

    <p class='ocr_par' dir='ltr' id='par_1_3' title="bbox 127 759 1070 996">
     <span class='ocr_line' id='line_1_7' title="bbox 127 759 1070 838; baseline 0.002 -19"><span class='ocrx_word' id='word_1_50' title='bbox 127 765 145 819; x_wconf 83' lang='lat'><em>8</em></span> <span class='ocrx_word' id='word_1_51' title='bbox 166 759 377 836; x_wconf 74' lang='lat' dir='ltr'><em>Epaminondas</em></span> <span class='ocrx_word' id='word_1_52' title='bbox 398 783 417 821; x_wconf 90' lang='lat' dir='ltr'>a</span> <span class='ocrx_word' id='word_1_53' title='bbox 443 762 581 821; x_wconf 75' lang='lat' dir='ltr'><strong><em>Thebanis</em></strong></span> <span class='ocrx_word' id='word_1_54' title='bbox 602 772 686 822; x_wconf 84' lang='lat' dir='ltr'>morte</span> <span class='ocrx_word' id='word_1_55' title='bbox 707 764 840 820; x_wconf 76' lang='lat' dir='ltr'>mulmtaa</span> <span class='ocrx_word' id='word_1_56' title='bbox 861 771 910 832; x_wconf 80' lang='lat' dir='ltr'>est,</span> <span class='ocrx_word' id='word_1_57' title='bbox 933 764 1006 838; x_wconf 88' lang='lat' dir='ltr'>quod</span> <span class='ocrx_word' id='word_1_58' title='bbox 1024 783 1070 822; x_wconf 84' lang='lat' dir='ltr'>eos</span> 
     </span>
     <span class='ocr_line' id='line_1_8' title="bbox 166 839 1070 916; baseline 0.001 -18"><span class='ocrx_word' id='word_1_59' title='bbox 166 843 252 916; x_wconf 59' lang='lat' dir='ltr'>coegit</span> <span class='ocrx_word' id='word_1_60' title='bbox 265 843 341 914; x_wconf 84' lang='lat' dir='ltr'>apud</span> <span class='ocrx_word' id='word_1_61' title='bbox 355 839 476 901; x_wconf 79' lang='lat' dir='ltr'><strong><em>Leuctra</em></strong></span> <span class='ocrx_word' id='word_1_62' title='bbox 489 861 622 915; x_wconf 77' lang='lat' dir='ltr'>superare</span> <span class='ocrx_word' id='word_1_63' title='bbox 636 839 866 910; x_wconf 67' lang='lat' dir='ltr'>Lacedamonioa</span> <span class='ocrx_word' id='word_1_64' title='bbox 881 861 949 916; x_wconf 82' lang='lat' dir='ltr'>quos</span> <span class='ocrx_word' id='word_1_65' title='bbox 963 851 1026 900; x_wconf 83' lang='lat' dir='ltr'>ante</span> <span class='ocrx_word' id='word_1_66' title='bbox 1040 861 1070 899; x_wconf 80' lang='lat' dir='ltr'>se</span> 
     </span>
     <span class='ocr_line' id='line_1_9' title="bbox 165 917 1070 996; baseline 0.003 -21"><span class='ocrx_word' id='word_1_67' title='bbox 165 929 354 994; x_wconf 80' lang='lat' dir='ltr'>tmperatorem</span> <span class='ocrx_word' id='word_1_68' title='bbox 380 939 458 979; x_wconf 83' lang='lat' dir='ltr'>aema</span> <span class='ocrx_word' id='word_1_69' title='bbox 484 919 651 979; x_wconf 83' lang='lat' dir='ltr'>Raetiarum</span> <span class='ocrx_word' id='word_1_70' title='bbox 678 939 767 978; x_wconf 75' lang='lat' dir='ltr'>aumas</span> <span class='ocrx_word' id='word_1_71' title='bbox 784 917 849 996; x_wconf 83' lang='lat' dir='ltr'>fait</span> <span class='ocrx_word' id='word_1_72' title='bbox 872 921 1018 994; x_wconf 76' lang='lat' dir='ltr'>adspicere</span> <span class='ocrx_word' id='word_1_73' title='bbox 1039 923 1070 978; x_wconf 84' lang='lat' dir='ltr'>in</span> 
     </span>
    </p>

    <p class='ocr_par' dir='ltr' id='par_1_4' title="bbox 126 997 1070 1147">
     <span class='ocr_line' id='line_1_10' title="bbox 126 997 1070 1074; baseline 0 -19"><span class='ocrx_word' id='word_1_74' title='bbox 126 1001 145 1055; x_wconf 78' lang='lat'>4</span> <span class='ocrx_word' id='word_1_75' title='bbox 165 1001 251 1068; x_wconf 88' lang='lat' dir='ltr'>aeie;</span> <span class='ocrx_word' id='word_1_76' title='bbox 271 1001 396 1074; x_wconf 85' lang='lat' dir='ltr'>quodque</span> <span class='ocrx_word' id='word_1_77' title='bbox 416 1017 471 1056; x_wconf 85' lang='lat' dir='ltr'>ano</span> <span class='ocrx_word' id='word_1_78' title='bbox 490 1002 589 1073; x_wconf 82' lang='lat' dir='ltr'>prelia</span> <span class='ocrx_word' id='word_1_79' title='bbox 608 1018 663 1057; x_wconf 85' lang='lat' dir='ltr'>nan</span> <span class='ocrx_word' id='word_1_80' title='bbox 676 1000 764 1056; x_wconf 85' lang='lat' dir='ltr'>solum</span> <span class='ocrx_word' id='word_1_81' title='bbox 782 997 890 1056; x_wconf 77' lang='lat' dir='ltr'>Thebas</span> <span class='ocrx_word' id='word_1_82' title='bbox 910 999 946 1056; x_wconf 85' lang='lat' dir='ltr'>ab</span> <span class='ocrx_word' id='word_1_83' title='bbox 959 1001 1070 1056; x_wconf 81' lang='lat' dir='ltr'>interitu</span> 
     </span>
     <span class='ocr_line' id='line_1_11' title="bbox 165 1077 1069 1147; baseline 0 -13"><span class='ocrx_word' id='word_1_84' title='bbox 165 1080 288 1147; x_wconf 76' lang='lat' dir='ltr'><em>retraxit,</em></span> <span class='ocrx_word' id='word_1_85' title='bbox 303 1080 448 1136; x_wconf 83' lang='lat' dir='ltr'>sedetiam</span> <span class='ocrx_word' id='word_1_86' title='bbox 461 1080 619 1137; x_wconf 78' lang='lat' dir='ltr'>universam</span> <span class='ocrx_word' id='word_1_87' title='bbox 640 1077 777 1135; x_wconf 76' lang='lat' dir='ltr'>Gratiam</span> <span class='ocrx_word' id='word_1_88' title='bbox 798 1080 828 1134; x_wconf 83' lang='lat' dir='ltr'>in</span> <span class='ocrx_word' id='word_1_89' title='bbox 848 1077 998 1136; x_wconf 82' lang='lat' dir='ltr'>libertatem</span> <span class='ocrx_word' id='word_1_90' title='bbox 1011 1080 1069 1135; x_wconf 86' lang='lat' dir='ltr'>via-</span> 
     </span>
    </p>

    <p class='ocr_par' dir='ltr' id='par_1_5' title="bbox 71 1154 1069 1311">
     <span class='ocr_line' id='line_1_12' title="bbox 71 1154 1069 1237; baseline -0.001 -24"><span class='ocrx_word' id='word_1_91' title='bbox 71 1157 73 1159; x_wconf 78' lang='grc'><strong>’</strong></span> <span class='ocrx_word' id='word_1_92' title='bbox 165 1156 278 1226; x_wconf 57' lang='lat' dir='ltr'>meavit,</span> <span class='ocrx_word' id='word_1_93' title='bbox 293 1175 376 1237; x_wconf 70' lang='lat' dir='ltr'>eqqqe</span> <span class='ocrx_word' id='word_1_94' title='bbox 390 1176 436 1215; x_wconf 88' lang='lat' dir='ltr'>res</span> <span class='ocrx_word' id='word_1_95' title='bbox 449 1167 625 1234; x_wconf 79' lang='lat' dir='ltr'>utrorumque</span> <span class='ocrx_word' id='word_1_96' title='bbox 641 1155 969 1232; x_wconf 59' lang='lat' dir='ltr'>perducitatTltebani</span> <span class='ocrx_word' id='word_1_97' title='bbox 985 1154 1069 1230; x_wconf 85' lang='lat' dir='ltr'>Spar-</span> 
     </span>
     <span class='ocr_line' id='line_1_13' title="bbox 165 1224 1069 1311; baseline 0 -19"><span class='ocrx_word' id='word_1_98' title='bbox 165 1243 221 1292; x_wconf 85' lang='lat' dir='ltr'>tam</span> <span class='ocrx_word' id='word_1_99' title='bbox 242 1224 439 1311; x_wconf 57' lang='lat' dir='ltr'>oppignerant,</span> <span class='ocrx_word' id='word_1_100' title='bbox 462 1235 665 1294; x_wconf 71' lang='lat' dir='ltr'>Lacedaemonii</span> <span class='ocrx_word' id='word_1_101' title='bbox 685 1237 757 1292; x_wconf 79' lang='lat' dir='ltr'>satis</span> <span class='ocrx_word' id='word_1_102' title='bbox 783 1234 922 1304; x_wconf 80' lang='lat' dir='ltr'>haberent,</span> <span class='ocrx_word' id='word_1_103' title='bbox 950 1235 1069 1292; x_wconf 74' lang='lat' dir='ltr'>sisela</span> 
     </span>
    </p>

    <p class='ocr_par' dir='ltr' id='par_1_6' title="bbox 126 1311 1070 1468">
     <span class='ocr_line' id='line_1_14' title="bbox 126 1311 1070 1390; baseline 0.002 -22"><span class='ocrx_word' id='word_1_104' title='bbox 126 1317 145 1368; x_wconf 83' lang='lat'><strong>5</strong></span> <span class='ocrx_word' id='word_1_105' title='bbox 165 1331 226 1372; x_wconf 83' lang='lat' dir='ltr'>esse</span> <span class='ocrx_word' id='word_1_106' title='bbox 236 1323 374 1387; x_wconf 78' lang='lat' dir='ltr'>possent;</span> <span class='ocrx_word' id='word_1_107' title='bbox 394 1333 481 1390; x_wconf 85' lang='lat' dir='ltr'>neque</span> <span class='ocrx_word' id='word_1_108' title='bbox 491 1317 574 1388; x_wconf 79' lang='lat' dir='ltr'>prius</span> <span class='ocrx_word' id='word_1_109' title='bbox 593 1314 696 1373; x_wconf 82' lang='lat' dir='ltr'>bellare</span> <span class='ocrx_word' id='word_1_110' title='bbox 710 1312 821 1382; x_wconf 80' lang='lat' dir='ltr'>destitit,</span> <span class='ocrx_word' id='word_1_111' title='bbox 834 1318 916 1389; x_wconf 84' lang='lat' dir='ltr'>quam</span> <span class='ocrx_word' id='word_1_112' title='bbox 936 1311 1070 1372; x_wconf 81' lang='lat' dir='ltr'>Messena</span> 
     </span>
     <span class='ocr_line' id='line_1_15' title="bbox 166 1391 1070 1468; baseline -0.002 -18"><span class='ocrx_word' id='word_1_113' title='bbox 166 1395 312 1450; x_wconf 63' lang='lat' dir='ltr'>amentata</span> <span class='ocrx_word' id='word_1_114' title='bbox 334 1393 428 1453; x_wconf 82' lang='lat' dir='ltr'>urbem</span> <span class='ocrx_word' id='word_1_115' title='bbox 452 1412 546 1452; x_wconf 86' lang='lat' dir='ltr'>eorum</span> <span class='ocrx_word' id='word_1_116' title='bbox 567 1393 706 1451; x_wconf 66' lang='lat' dir='ltr'>obsidam</span> <span class='ocrx_word' id='word_1_117' title='bbox 731 1394 841 1450; x_wconf 70' lang='lat' dir='ltr'>catam.</span> <span class='ocrx_word' id='word_1_118' title='bbox 883 1391 956 1449; x_wconf 84' lang='lat' dir='ltr'>Haeo</span> <span class='ocrx_word' id='word_1_119' title='bbox 980 1410 1070 1468; x_wconf 91' lang='lat' dir='ltr'>quum</span> 
     </span>
    </p>
   </div>
   <div class='ocr_carea' id='block_1_3' title="bbox 123 1470 1125 3668">
    <p class='ocr_par' dir='ltr' id='par_1_7' title="bbox 165 1470 1070 1706">
     <span class='ocr_line' id='line_1_16' title="bbox 165 1470 1070 1546; baseline -0.001 -18"><span class='ocrx_word' id='word_1_120' title='bbox 165 1470 293 1541; x_wconf 80' lang='lat' dir='ltr'>dixisset,</span> <span class='ocrx_word' id='word_1_121' title='bbox 303 1473 379 1529; x_wconf 87' lang='lat' dir='ltr'>risus</span> <span class='ocrx_word' id='word_1_122' title='bbox 393 1473 521 1530; x_wconf 90' lang='lat' dir='ltr'>omnium</span> <span class='ocrx_word' id='word_1_123' title='bbox 536 1491 605 1529; x_wconf 94' lang='lat' dir='ltr'>cum</span> <span class='ocrx_word' id='word_1_124' title='bbox 619 1472 762 1529; x_wconf 82' lang='lat' dir='ltr'>hilaritate</span> <span class='ocrx_word' id='word_1_125' title='bbox 771 1481 886 1528; x_wconf 89' lang='lat' dir='ltr'>coortus</span> <span class='ocrx_word' id='word_1_126' title='bbox 895 1481 954 1528; x_wconf 88' lang='lat' dir='ltr'>est:</span> <span class='ocrx_word' id='word_1_127' title='bbox 976 1489 1070 1546; x_wconf 91' lang='lat' dir='ltr'>neque</span> 
     </span>
     <span class='ocr_line' id='line_1_17' title="bbox 165 1549 1070 1627; baseline 0.001 -21"><span class='ocrx_word' id='word_1_128' title='bbox 165 1551 318 1626; x_wconf 90' lang='lat' dir='ltr'>quisquam</span> <span class='ocrx_word' id='word_1_129' title='bbox 336 1550 426 1626; x_wconf 87' lang='lat' dir='ltr'>judex</span> <span class='ocrx_word' id='word_1_130' title='bbox 442 1570 531 1608; x_wconf 89' lang='lat' dir='ltr'>ausus</span> <span class='ocrx_word' id='word_1_131' title='bbox 550 1560 593 1608; x_wconf 88' lang='lat' dir='ltr'>est</span> <span class='ocrx_word' id='word_1_132' title='bbox 607 1549 642 1608; x_wconf 95' lang='lat' dir='ltr'>de</span> <span class='ocrx_word' id='word_1_133' title='bbox 656 1569 691 1607; x_wconf 92' lang='lat' dir='ltr'>eo</span> <span class='ocrx_word' id='word_1_134' title='bbox 705 1549 780 1607; x_wconf 84' lang='lat' dir='ltr'>ferre</span> <span class='ocrx_word' id='word_1_135' title='bbox 794 1549 977 1627; x_wconf 86' lang='lat' dir='ltr'>suffragium.</span> <span class='ocrx_word' id='word_1_136' title='bbox 1020 1551 1070 1607; x_wconf 84' lang='lat' dir='ltr'>Sic</span> 
     </span>
     <span class='ocr_line' id='line_1_18' title="bbox 166 1628 822 1706; baseline -0.003 -20"><span class='ocrx_word' id='word_1_137' title='bbox 166 1647 183 1686; x_wconf 94' lang='lat' dir='ltr'>a</span> <span class='ocrx_word' id='word_1_138' title='bbox 194 1628 304 1705; x_wconf 87' lang='lat' dir='ltr'>judicio</span> <span class='ocrx_word' id='word_1_139' title='bbox 318 1631 421 1706; x_wconf 87' lang='lat' dir='ltr'>capitis</span> <span class='ocrx_word' id='word_1_140' title='bbox 435 1630 561 1686; x_wconf 85' lang='lat' dir='ltr'>maxima</span> <span class='ocrx_word' id='word_1_141' title='bbox 575 1629 706 1686; x_wconf 87' lang='lat' dir='ltr'>discessit</span> <span class='ocrx_word' id='word_1_142' title='bbox 719 1629 822 1705; x_wconf 83' lang='lat' dir='ltr'>gloria.</span> 
     </span>
    </p>

    <p class='ocr_par' dir='ltr' id='par_1_8' title="bbox 128 1706 1079 2254">
     <span class='ocr_line' id='line_1_19' title="bbox 128 1706 1069 1784; baseline -0.002 -18"><span class='ocrx_word' id='word_1_143' title='bbox 128 1713 142 1766; x_wconf 94' lang='lat' dir='ltr'>l</span> <span class='ocrx_word' id='word_1_144' title='bbox 204 1707 258 1766; x_wconf 89' lang='lat' dir='ltr'>IX.</span> <span class='ocrx_word' id='word_1_145' title='bbox 280 1706 340 1766; x_wconf 91' lang='lat' dir='ltr'>Hic</span> <span class='ocrx_word' id='word_1_146' title='bbox 354 1718 483 1766; x_wconf 86' lang='lat' dir='ltr'>extremo</span> <span class='ocrx_word' id='word_1_147' title='bbox 497 1718 622 1784; x_wconf 86' lang='lat' dir='ltr'>tempore</span> <span class='ocrx_word' id='word_1_148' title='bbox 637 1707 790 1784; x_wconf 84' lang='lat' dir='ltr'>imperator</span> <span class='ocrx_word' id='word_1_149' title='bbox 802 1706 877 1783; x_wconf 92' lang='lat' dir='ltr'>apud</span> <span class='ocrx_word' id='word_1_150' title='bbox 892 1706 1069 1765; x_wconf 83' lang='lat' dir='ltr'>Mantineam</span> 
     </span>
     <span class='ocr_line' id='line_1_20' title="bbox 184 1786 1069 1863; baseline -0.001 -19"><span class='ocrx_word' id='word_1_151' title='bbox 184 1805 255 1844; x_wconf 93' lang='lat' dir='ltr'>uum</span> <span class='ocrx_word' id='word_1_152' title='bbox 270 1788 333 1844; x_wconf 88' lang='lat' dir='ltr'>acie</span> <span class='ocrx_word' id='word_1_153' title='bbox 348 1787 489 1845; x_wconf 88' lang='lat' dir='ltr'>instructa</span> <span class='ocrx_word' id='word_1_154' title='bbox 503 1787 644 1844; x_wconf 88' lang='lat' dir='ltr'>audacius</span> <span class='ocrx_word' id='word_1_155' title='bbox 658 1786 778 1863; x_wconf 82' lang='lat' dir='ltr'>instaret</span> <span class='ocrx_word' id='word_1_156' title='bbox 792 1786 893 1854; x_wconf 89' lang='lat' dir='ltr'>hostes,</span> <span class='ocrx_word' id='word_1_157' title='bbox 908 1787 1069 1862; x_wconf 87' lang='lat' dir='ltr'>cognitusa</span> 
     </span>
     <span class='ocr_line' id='line_1_21' title="bbox 164 1806 1069 1942; baseline -0.002 -19"><span class='ocrx_word' id='word_1_158' title='bbox 164 1806 402 1936; x_wconf 70' lang='lat' dir='ltr'>lacedaemoniis,</span> <span class='ocrx_word' id='word_1_159' title='bbox 417 1865 492 1942; x_wconf 90' lang='lat' dir='ltr'>quod</span> <span class='ocrx_word' id='word_1_160' title='bbox 506 1866 536 1922; x_wconf 92' lang='lat' dir='ltr'>in</span> <span class='ocrx_word' id='word_1_161' title='bbox 551 1866 638 1922; x_wconf 92' lang='lat' dir='ltr'>unius</span> <span class='ocrx_word' id='word_1_162' title='bbox 652 1864 780 1941; x_wconf 90' lang='lat' dir='ltr'>pernicie</span> <span class='ocrx_word' id='word_1_163' title='bbox 794 1864 859 1939; x_wconf 88' lang='lat' dir='ltr'>ejus</span> <span class='ocrx_word' id='word_1_164' title='bbox 873 1865 972 1940; x_wconf 84' lang='lat' dir='ltr'>patriae</span> <span class='ocrx_word' id='word_1_165' title='bbox 986 1865 1069 1922; x_wconf 91' lang='lat' dir='ltr'>sitam</span> 
     </span>
     <span class='ocr_line' id='line_1_22' title="bbox 164 1940 1068 2020; baseline -0.002 -18"><span class='ocrx_word' id='word_1_166' title='bbox 164 1944 304 2020; x_wconf 88' lang='lat' dir='ltr'>putabant</span> <span class='ocrx_word' id='word_1_167' title='bbox 317 1945 449 2015; x_wconf 89' lang='lat' dir='ltr'>salutem,</span> <span class='ocrx_word' id='word_1_168' title='bbox 465 1943 594 2001; x_wconf 89' lang='lat' dir='ltr'>universi</span> <span class='ocrx_word' id='word_1_169' title='bbox 618 1944 648 2000; x_wconf 91' lang='lat' dir='ltr'>in</span> <span class='ocrx_word' id='word_1_170' title='bbox 663 1961 755 2000; x_wconf 93' lang='lat' dir='ltr'>unum</span> <span class='ocrx_word' id='word_1_171' title='bbox 774 1943 912 2019; x_wconf 90' lang='lat' dir='ltr'>impetum</span> <span class='ocrx_word' id='word_1_172' title='bbox 928 1940 1068 2013; x_wconf 86' lang='lat' dir='ltr'>fecerunt,</span> 
     </span>
     <span class='ocr_line' id='line_1_23' title="bbox 164 2020 1079 2099; baseline 0 -20"><span class='ocrx_word' id='word_1_173' title='bbox 164 2040 259 2097; x_wconf 86' lang='lat' dir='ltr'>neque</span> <span class='ocrx_word' id='word_1_174' title='bbox 281 2024 362 2098; x_wconf 89' lang='lat' dir='ltr'>prius</span> <span class='ocrx_word' id='word_1_175' title='bbox 387 2023 597 2091; x_wconf 88' lang='lat' dir='ltr'>abscesserunt,</span> <span class='ocrx_word' id='word_1_176' title='bbox 621 2040 710 2098; x_wconf 89' lang='lat' dir='ltr'>quam</span> <span class='ocrx_word' id='word_1_177' title='bbox 735 2040 842 2099; x_wconf 83' lang='lat' dir='ltr'>magna</span> <span class='ocrx_word' id='word_1_178' title='bbox 856 2020 948 2078; x_wconf 82' lang='lat' dir='ltr'>-caede</span> <span class='ocrx_word' id='word_1_179' title='bbox 977 2020 1079 2098; x_wconf 70' lang='lat' dir='ltr'>[sacta.</span> 
     </span>
     <span class='ocr_line' id='line_1_24' title="bbox 164 2093 1069 2178; baseline -0.001 -21"><span class='ocrx_word' id='word_1_180' title='bbox 164 2100 321 2175; x_wconf 87' lang='lat' dir='ltr'>multisque</span> <span class='ocrx_word' id='word_1_181' title='bbox 335 2093 452 2176; x_wconf 73' lang='lat' dir='ltr'>accisis]</span> <span class='ocrx_word' id='word_1_182' title='bbox 468 2099 620 2156; x_wconf 86' lang='lat' dir='ltr'>fortissime</span> <span class='ocrx_word' id='word_1_183' title='bbox 634 2101 729 2176; x_wconf 85' lang='lat' dir='ltr'>ipsum</span> <span class='ocrx_word' id='word_1_184' title='bbox 746 2099 977 2176; x_wconf 89' lang='lat' dir='ltr'>Epaminondam</span> <span class='ocrx_word' id='word_1_185' title='bbox 999 2119 1069 2178; x_wconf 85' lang='lat' dir='ltr'>pug-</span> 
     </span>
     <span class='ocr_line' id='line_1_25' title="bbox 163 2176 1068 2254; baseline 0.002 -20"><span class='ocrx_word' id='word_1_186' title='bbox 163 2185 291 2246; x_wconf 86' lang='lat' dir='ltr'>nantem,</span> <span class='ocrx_word' id='word_1_187' title='bbox 316 2176 400 2254; x_wconf 89' lang='lat' dir='ltr'>sparo</span> <span class='ocrx_word' id='word_1_188' title='bbox 424 2178 539 2234; x_wconf 90' lang='lat' dir='ltr'>eminus</span> <span class='ocrx_word' id='word_1_189' title='bbox 556 2196 735 2254; x_wconf 88' lang='lat' dir='ltr'>percussum,</span> <span class='ocrx_word' id='word_1_190' title='bbox 757 2178 910 2237; x_wconf 80' lang='lat' dir='ltr'>concidere</span> <span class='ocrx_word' id='word_1_191' title='bbox 925 2177 1068 2236; x_wconf 91' lang='lat' dir='ltr'>viderunt.</span> 
     </span>
    </p>

    <p class='ocr_par' dir='ltr' id='par_1_9' title="bbox 125 2254 1069 2413">
     <span class='ocr_line' id='line_1_26' title="bbox 125 2254 1069 2333; baseline 0.001 -20"><span class='ocrx_word' id='word_1_192' title='bbox 125 2260 144 2313; x_wconf 80' lang='lat'>2</span> <span class='ocrx_word' id='word_1_193' title='bbox 164 2254 265 2332; x_wconf 87' lang='lat' dir='ltr'>Hujus</span> <span class='ocrx_word' id='word_1_194' title='bbox 282 2274 355 2313; x_wconf 91' lang='lat' dir='ltr'>casu</span> <span class='ocrx_word' id='word_1_195' title='bbox 376 2256 556 2332; x_wconf 90' lang='lat' dir='ltr'>aliquantum</span> <span class='ocrx_word' id='word_1_196' title='bbox 578 2256 715 2314; x_wconf 90' lang='lat' dir='ltr'>retardati</span> <span class='ocrx_word' id='word_1_197' title='bbox 735 2267 803 2314; x_wconf 87' lang='lat' dir='ltr'>sunt</span> <span class='ocrx_word' id='word_1_198' title='bbox 828 2256 951 2329; x_wconf 82' lang='lat' dir='ltr'>Boeotii3</span> <span class='ocrx_word' id='word_1_199' title='bbox 974 2265 1069 2333; x_wconf 82' lang='lat' dir='ltr'>neque</span> 
     </span>
     <span class='ocr_line' id='line_1_27' title="bbox 164 2335 1069 2413; baseline 0.002 -22"><span class='ocrx_word' id='word_1_200' title='bbox 164 2342 260 2391; x_wconf 87' lang='lat' dir='ltr'>tamen</span> <span class='ocrx_word' id='word_1_201' title='bbox 274 2335 355 2409; x_wconf 90' lang='lat' dir='ltr'>prius</span> <span class='ocrx_word' id='word_1_202' title='bbox 369 2353 468 2410; x_wconf 86' lang='lat' dir='ltr'>pugna</span> <span class='ocrx_word' id='word_1_203' title='bbox 480 2338 675 2404; x_wconf 83' lang='lat' dir='ltr'>excesserunt,</span> <span class='ocrx_word' id='word_1_204' title='bbox 691 2353 779 2411; x_wconf 90' lang='lat' dir='ltr'>quam</span> <span class='ocrx_word' id='word_1_205' title='bbox 794 2345 990 2412; x_wconf 87' lang='lat' dir='ltr'>repugnantes</span> <span class='ocrx_word' id='word_1_206' title='bbox 1008 2354 1069 2413; x_wconf 91' lang='lat' dir='ltr'>pro-</span> 
     </span>
    </p>

    <p class='ocr_par' dir='ltr' id='par_1_10' title="bbox 125 2411 1070 2726">
     <span class='ocr_line' id='line_1_28' title="bbox 125 2411 1069 2490; baseline 0.001 -20"><span class='ocrx_word' id='word_1_207' title='bbox 125 2416 144 2470; x_wconf 81' lang='lat'><strong>3</strong></span> <span class='ocrx_word' id='word_1_208' title='bbox 164 2411 311 2488; x_wconf 78' lang='lat' dir='ltr'>digerunt.</span> <span class='ocrx_word' id='word_1_209' title='bbox 341 2413 383 2471; x_wconf 91' lang='lat' dir='ltr'>At</span> <span class='ocrx_word' id='word_1_210' title='bbox 397 2413 613 2490; x_wconf 87' lang='lat' dir='ltr'>Epaminondas</span> <span class='ocrx_word' id='word_1_211' title='bbox 626 2433 717 2490; x_wconf 92' lang='lat' dir='ltr'>quum</span> <span class='ocrx_word' id='word_1_212' title='bbox 732 2413 982 2484; x_wconf 87' lang='lat' dir='ltr'>animadverteret,</span> <span class='ocrx_word' id='word_1_213' title='bbox 997 2433 1069 2472; x_wconf 91' lang='lat' dir='ltr'>mor-</span> 
     </span>
     <span class='ocr_line' id='line_1_29' title="bbox 163 2488 1070 2573; baseline 0.006 -27"><span class='ocrx_word' id='word_1_214' title='bbox 163 2488 281 2547; x_wconf 81' lang='lat' dir='ltr'>uterum</span> <span class='ocrx_word' id='word_1_215' title='bbox 301 2510 333 2548; x_wconf 87' lang='lat' dir='ltr'>se</span> <span class='ocrx_word' id='word_1_216' title='bbox 347 2492 455 2549; x_wconf 91' lang='lat' dir='ltr'>vulnus</span> <span class='ocrx_word' id='word_1_217' title='bbox 472 2493 629 2569; x_wconf 88' lang='lat' dir='ltr'>accepisse,</span> <span class='ocrx_word' id='word_1_218' title='bbox 649 2492 805 2573; x_wconf 81' lang='lat' dir='ltr'>simulque,</span> <span class='ocrx_word' id='word_1_219' title='bbox 819 2493 845 2550; x_wconf 93' lang='lat' dir='ltr'>si</span> <span class='ocrx_word' id='word_1_220' title='bbox 859 2491 980 2562; x_wconf 86' lang='lat' dir='ltr'>ferrum,</span> <span class='ocrx_word' id='word_1_221' title='bbox 994 2492 1070 2569; x_wconf 92' lang='lat' dir='ltr'>quod</span> 
     </span>
     <span class='ocr_line' id='line_1_30' title="bbox 163 2568 1070 2646; baseline 0.004 -21"><span class='ocrx_word' id='word_1_222' title='bbox 163 2586 200 2626; x_wconf 85' lang='lat' dir='ltr'>ex</span> <span class='ocrx_word' id='word_1_223' title='bbox 220 2568 317 2626; x_wconf 89' lang='lat' dir='ltr'>hastili</span> <span class='ocrx_word' id='word_1_224' title='bbox 337 2571 368 2627; x_wconf 90' lang='lat' dir='ltr'>in</span> <span class='ocrx_word' id='word_1_225' title='bbox 391 2589 511 2646; x_wconf 91' lang='lat' dir='ltr'>corpore</span> <span class='ocrx_word' id='word_1_226' title='bbox 533 2582 720 2640; x_wconf 87' lang='lat' dir='ltr'>remanserat,</span> <span class='ocrx_word' id='word_1_227' title='bbox 742 2572 922 2641; x_wconf 85' lang='lat' dir='ltr'>extraxisset,</span> <span class='ocrx_word' id='word_1_228' title='bbox 944 2573 1070 2630; x_wconf 91' lang='lat' dir='ltr'>animam</span> 
     </span>
     <span class='ocr_line' id='line_1_31' title="bbox 163 2647 1070 2726; baseline 0.001 -21"><span class='ocrx_word' id='word_1_229' title='bbox 163 2647 259 2705; x_wconf 84' lang='lat' dir='ltr'>statim</span> <span class='ocrx_word' id='word_1_230' title='bbox 273 2649 464 2706; x_wconf 87' lang='lat' dir='ltr'>emissurum:</span> <span class='ocrx_word' id='word_1_231' title='bbox 487 2668 579 2724; x_wconf 91' lang='lat' dir='ltr'>usque</span> <span class='ocrx_word' id='word_1_232' title='bbox 590 2669 624 2708; x_wconf 86' lang='lat' dir='ltr'>eo</span> <span class='ocrx_word' id='word_1_233' title='bbox 633 2651 759 2719; x_wconf 91' lang='lat' dir='ltr'>retinuit,</span> <span class='ocrx_word' id='word_1_234' title='bbox 768 2649 861 2726; x_wconf 93' lang='lat' dir='ltr'>quoad</span> <span class='ocrx_word' id='word_1_235' title='bbox 874 2651 1070 2708; x_wconf 89' lang='lat' dir='ltr'>renuntiatum</span> 
     </span>
    </p>

    <p class='ocr_par' dir='ltr' id='par_1_11' title="bbox 124 2725 1070 2944">
     <span class='ocr_line' id='line_1_32' title="bbox 124 2725 1069 2804; baseline 0.003 -21"><span class='ocrx_word' id='word_1_236' title='bbox 124 2729 143 2783; x_wconf 72' lang='lat' dir='ltr'>t</span> <span class='ocrx_word' id='word_1_237' title='bbox 164 2735 216 2794; x_wconf 76' lang='lat' dir='ltr'>eut,</span> <span class='ocrx_word' id='word_1_238' title='bbox 227 2725 331 2784; x_wconf 84' lang='lat' dir='ltr'>vicisse</span> <span class='ocrx_word' id='word_1_239' title='bbox 340 2726 476 2786; x_wconf 85' lang='lat' dir='ltr'>Boeotios.</span> <span class='ocrx_word' id='word_1_240' title='bbox 512 2727 543 2786; x_wconf 93' lang='lat' dir='ltr'>Id</span> <span class='ocrx_word' id='word_1_241' title='bbox 559 2738 709 2804; x_wconf 87' lang='lat' dir='ltr'>postquam</span> <span class='ocrx_word' id='word_1_242' title='bbox 723 2728 851 2800; x_wconf 82' lang='lat' dir='ltr'>audivit3</span> <span class='ocrx_word' id='word_1_243' title='bbox 873 2731 953 2799; x_wconf 67' lang='lat' dir='ltr'>aaa,</span> <span class='ocrx_word' id='word_1_244' title='bbox 968 2729 1069 2804; x_wconf 91' lang='lat' dir='ltr'>inquit,</span> 
     </span>
     <span class='ocr_line' id='line_1_33' title="bbox 162 2806 1070 2866; baseline 0.001 -3"><span class='ocrx_word' id='word_1_245' title='bbox 162 2807 244 2864; x_wconf 76' lang='lat' dir='ltr'>atei:</span> <span class='ocrx_word' id='word_1_246' title='bbox 265 2807 385 2864; x_wconf 82' lang='lat' dir='ltr'>invictas</span> <span class='ocrx_word' id='word_1_247' title='bbox 405 2808 477 2864; x_wconf 82' lang='lat' dir='ltr'>enim</span> <span class='ocrx_word' id='word_1_248' title='bbox 496 2809 606 2864; x_wconf 74' lang='lat' dir='ltr'>morior.</span> <span class='ocrx_word' id='word_1_249' title='bbox 649 2806 728 2864; x_wconf 92' lang='lat' dir='ltr'>Tum</span> <span class='ocrx_word' id='word_1_250' title='bbox 749 2806 829 2864; x_wconf 81' lang='lat' dir='ltr'>&#39;ferro</span> <span class='ocrx_word' id='word_1_251' title='bbox 853 2817 983 2866; x_wconf 88' lang='lat' dir='ltr'>extracto</span> <span class='ocrx_word' id='word_1_252' title='bbox 1004 2826 1070 2866; x_wconf 87' lang='lat' dir='ltr'>con·</span> 
     </span>
     <span class='ocr_line' id='line_1_34' title="bbox 164 2881 519 2944; baseline 0.003 -2"><span class='ocrx_word' id='word_1_253' title='bbox 164 2881 258 2944; x_wconf 73' lang='lat' dir='ltr'>testim</span> <span class='ocrx_word' id='word_1_254' title='bbox 272 2886 453 2943; x_wconf 88' lang='lat' dir='ltr'>exanimatus</span> <span class='ocrx_word' id='word_1_255' title='bbox 466 2895 519 2943; x_wconf 84' lang='lat' dir='ltr'>est.</span> 
     </span>
    </p>

    <p class='ocr_par' dir='ltr' id='par_1_12' title="bbox 125 2962 1125 3199">
     <span class='ocr_line' id='line_1_35' title="bbox 125 2962 1068 3041; baseline 0.003 -22"><span class='ocrx_word' id='word_1_256' title='bbox 125 2965 141 3019; x_wconf 93' lang='lat' dir='ltr'>l</span> <span class='ocrx_word' id='word_1_257' title='bbox 203 2962 241 3022; x_wconf 89' lang='lat' dir='ltr'>X.</span> <span class='ocrx_word' id='word_1_258' title='bbox 264 2963 324 3023; x_wconf 89' lang='lat' dir='ltr'>Hic</span> <span class='ocrx_word' id='word_1_259' title='bbox 338 2983 458 3023; x_wconf 85' lang='lat' dir='ltr'>uxorem</span> <span class='ocrx_word' id='word_1_260' title='bbox 478 2982 638 3040; x_wconf 92' lang='lat' dir='ltr'>numquam</span> <span class='ocrx_word' id='word_1_261' title='bbox 658 2962 750 3021; x_wconf 86' lang='lat' dir='ltr'>duxit.</span> <span class='ocrx_word' id='word_1_262' title='bbox 792 2963 826 3022; x_wconf 93' lang='lat' dir='ltr'>In</span> <span class='ocrx_word' id='word_1_263' title='bbox 840 2983 897 3041; x_wconf 93' lang='lat' dir='ltr'>quo</span> <span class='ocrx_word' id='word_1_264' title='bbox 911 2983 1003 3040; x_wconf 92' lang='lat' dir='ltr'>quum</span> <span class='ocrx_word' id='word_1_265' title='bbox 1025 2982 1068 3022; x_wconf 88' lang='lat' dir='ltr'>re·</span> 
     </span>
     <span class='ocr_line' id='line_1_36' title="bbox 163 3042 1069 3120; baseline 0.001 -21"><span class='ocrx_word' id='word_1_266' title='bbox 163 3043 398 3118; x_wconf 84' lang='lat' dir='ltr'>prehenderetur,</span> <span class='ocrx_word' id='word_1_267' title='bbox 412 3042 488 3120; x_wconf 91' lang='lat' dir='ltr'>quod</span> <span class='ocrx_word' id='word_1_268' title='bbox 502 3042 607 3100; x_wconf 89' lang='lat' dir='ltr'>liberos</span> <span class='ocrx_word' id='word_1_269' title='bbox 620 3061 676 3100; x_wconf 92' lang='lat' dir='ltr'>non</span> <span class='ocrx_word' id='word_1_270' title='bbox 689 3043 875 3118; x_wconf 88' lang='lat' dir='ltr'>relinqueret,</span> <span class='ocrx_word' id='word_1_271' title='bbox 891 3063 909 3100; x_wconf 89' lang='lat' dir='ltr'>a</span> <span class='ocrx_word' id='word_1_272' title='bbox 924 3042 1069 3119; x_wconf 87' lang='lat' dir='ltr'>Pelopida,</span> 
     </span>
     <span class='ocr_line' id='line_1_37' title="bbox 162 3120 1125 3199; baseline 0.003 -22"><span class='ocrx_word' id='word_1_273' title='bbox 162 3121 214 3194; x_wconf 94' lang='lat' dir='ltr'>qui</span> <span class='ocrx_word' id='word_1_274' title='bbox 227 3121 320 3179; x_wconf 87' lang='lat' dir='ltr'>filium</span> <span class='ocrx_word' id='word_1_275' title='bbox 334 3123 457 3181; x_wconf 88' lang='lat' dir='ltr'>habebat</span> <span class='ocrx_word' id='word_1_276' title='bbox 470 3121 617 3192; x_wconf 82' lang='lat' dir='ltr'>infamem,</span> <span class='ocrx_word' id='word_1_277' title='bbox 633 3120 767 3197; x_wconf 89' lang='lat' dir='ltr'>maleque</span> <span class='ocrx_word' id='word_1_278' title='bbox 781 3141 849 3179; x_wconf 90' lang='lat' dir='ltr'>eum</span> <span class='ocrx_word' id='word_1_279' title='bbox 871 3122 901 3178; x_wconf 92' lang='lat' dir='ltr'>in</span> <span class='ocrx_word' id='word_1_280' title='bbox 916 3142 949 3180; x_wconf 89' lang='lat' dir='ltr'>eo</span> <span class='ocrx_word' id='word_1_281' title='bbox 970 3123 1071 3198; x_wconf 74' lang='lat' dir='ltr'>patriar</span> <span class='ocrx_word' id='word_1_282' title='bbox 1100 3182 1104 3190; x_wconf 68' lang='grc'><strong>,</strong></span> <span class='ocrx_word' id='word_1_283' title='bbox 1123 3194 1125 3199; x_wconf 21' lang='grc' dir='ltr'>Ι</span> 
     </span>
    </p>

    <p class='ocr_par' dir='ltr' id='par_1_13' title="bbox 123 3198 1072 3514">
     <span class='ocr_line' id='line_1_38' title="bbox 123 3198 1071 3277; baseline 0.005 -24"><span class='ocrx_word' id='word_1_284' title='bbox 123 3198 142 3253; x_wconf 73' lang='grc'>2</span> <span class='ocrx_word' id='word_1_285' title='bbox 162 3198 314 3271; x_wconf 83' lang='lat' dir='ltr'>consulere</span> <span class='ocrx_word' id='word_1_286' title='bbox 328 3201 454 3260; x_wconf 88' lang='lat' dir='ltr'>diceret:</span> <span class='ocrx_word' id='word_1_287' title='bbox 474 3203 548 3270; x_wconf 83' lang='lat' dir='ltr'>aide,</span> <span class='ocrx_word' id='word_1_288' title='bbox 563 3200 664 3277; x_wconf 90' lang='lat' dir='ltr'>inquit,</span> <span class='ocrx_word' id='word_1_289' title='bbox 677 3218 713 3257; x_wconf 84' lang='lat' dir='ltr'>ne</span> <span class='ocrx_word' id='word_1_290' title='bbox 728 3210 757 3257; x_wconf 84' lang='lat' dir='ltr'>tu</span> <span class='ocrx_word' id='word_1_291' title='bbox 771 3200 854 3275; x_wconf 85' lang='lat' dir='ltr'>pejus</span> <span class='ocrx_word' id='word_1_292' title='bbox 868 3202 1009 3270; x_wconf 70' lang='lat' dir='ltr'>ammius,</span> <span class='ocrx_word' id='word_1_293' title='bbox 1023 3219 1071 3276; x_wconf 80' lang='lat' dir='ltr'>qut</span> 
     </span>
     <span class='ocr_line' id='line_1_39' title="bbox 163 3275 1071 3354; baseline 0.008 -23"><span class='ocrx_word' id='word_1_294' title='bbox 163 3275 245 3332; x_wconf 81' lang='lat' dir='ltr'>talem</span> <span class='ocrx_word' id='word_1_295' title='bbox 258 3294 292 3332; x_wconf 80' lang='lat' dir='ltr'>ea</span> <span class='ocrx_word' id='word_1_296' title='bbox 304 3286 330 3335; x_wconf 82' lang='lat' dir='ltr'>te</span> <span class='ocrx_word' id='word_1_297' title='bbox 343 3289 437 3336; x_wconf 85' lang='lat' dir='ltr'>natum</span> <span class='ocrx_word' id='word_1_298' title='bbox 450 3281 599 3338; x_wconf 70' lang='lat' dir='ltr'>relicturae</span> <span class='ocrx_word' id='word_1_299' title='bbox 612 3281 663 3337; x_wconf 83' lang='lat' dir='ltr'>sis.</span> <span class='ocrx_word' id='word_1_300' title='bbox 706 3276 805 3354; x_wconf 82' lang='lat' dir='ltr'>Neque</span> <span class='ocrx_word' id='word_1_301' title='bbox 819 3297 884 3336; x_wconf 81' lang='lat' dir='ltr'>cera</span> <span class='ocrx_word' id='word_1_302' title='bbox 904 3281 992 3353; x_wconf 82' lang='lat' dir='ltr'>stirps</span> <span class='ocrx_word' id='word_1_303' title='bbox 1004 3280 1071 3338; x_wconf 70' lang='lat' dir='ltr'>mitt</span> 
     </span>
     <span class='ocr_line' id='line_1_40' title="bbox 158 3354 1072 3435; baseline 0.009 -27"><span class='ocrx_word' id='word_1_304' title='bbox 158 3360 249 3429; x_wconf 81' lang='lat' dir='ltr'>pateat</span> <span class='ocrx_word' id='word_1_305' title='bbox 272 3355 377 3413; x_wconf 80' lang='lat' dir='ltr'>deesse.</span> <span class='ocrx_word' id='word_1_306' title='bbox 419 3354 547 3432; x_wconf 87' lang='lat' dir='ltr'>Namque</span> <span class='ocrx_word' id='word_1_307' title='bbox 571 3378 605 3416; x_wconf 81' lang='lat' dir='ltr'>ea</span> <span class='ocrx_word' id='word_1_308' title='bbox 626 3375 668 3415; x_wconf 85' lang='lat' dir='ltr'>me</span> <span class='ocrx_word' id='word_1_309' title='bbox 690 3366 783 3415; x_wconf 86' lang='lat' dir='ltr'>natam</span> <span class='ocrx_word' id='word_1_310' title='bbox 803 3359 928 3433; x_wconf 81' lang='lat' dir='ltr'>relinquo</span> <span class='ocrx_word' id='word_1_311' title='bbox 946 3376 1072 3435; x_wconf 79' lang='lat' dir='ltr'>pugnam</span> 
     </span>
     <span class='ocr_line' id='line_1_41' title="bbox 163 3428 1072 3514; baseline 0.004 -24"><span class='ocrx_word' id='word_1_312' title='bbox 163 3428 423 3514; x_wconf 67' lang='lat' dir='ltr'>Leuctricamquc</span> <span class='ocrx_word' id='word_1_313' title='bbox 442 3453 498 3492; x_wconf 82' lang='lat' dir='ltr'>non</span> <span class='ocrx_word' id='word_1_314' title='bbox 517 3438 596 3493; x_wconf 83' lang='lat' dir='ltr'>modo</span> <span class='ocrx_word' id='word_1_315' title='bbox 609 3437 677 3493; x_wconf 72' lang='lat' dir='ltr'>eiiii</span> <span class='ocrx_word' id='word_1_316' title='bbox 692 3438 908 3510; x_wconf 67' lang='lat' dir='ltr'>supersessa</span> <span class='ocrx_word' id='word_1_317' title='bbox 927 3439 1011 3496; x_wconf 84' lang='lat' dir='ltr'>etiam</span> <span class='ocrx_word' id='word_1_318' title='bbox 1023 3438 1072 3494; x_wconf 68' lang='lat' dir='ltr'>ina</span> 
     </span>
    </p>

    <p class='ocr_par' dir='ltr' id='par_1_14' title="bbox 126 3510 1072 3668">
     <span class='ocr_line' id='line_1_42' title="bbox 126 3510 1072 3592; baseline 0.004 -24"><span class='ocrx_word' id='word_1_319' title='bbox 126 3510 287 3569; x_wconf 73' lang='lat' dir='ltr'>saerata</span> <span class='ocrx_word' id='word_1_320' title='bbox 306 3513 344 3568; x_wconf 79' lang='lat' dir='ltr'>sit</span> <span class='ocrx_word' id='word_1_321' title='bbox 366 3529 476 3569; x_wconf 82' lang='lat' dir='ltr'>neeesse</span> <span class='ocrx_word' id='word_1_322' title='bbox 496 3522 547 3569; x_wconf 79' lang='lat' dir='ltr'>est.</span> <span class='ocrx_word' id='word_1_323' title='bbox 590 3514 658 3579; x_wconf 83' lang='lat' dir='ltr'>Quo</span> <span class='ocrx_word' id='word_1_324' title='bbox 677 3523 814 3589; x_wconf 88' lang='lat' dir='ltr'>tempore,</span> <span class='ocrx_word' id='word_1_325' title='bbox 829 3515 904 3572; x_wconf 85' lang='lat' dir='ltr'>duce</span> <span class='ocrx_word' id='word_1_326' title='bbox 926 3514 1072 3592; x_wconf 87' lang='lat' dir='ltr'>Pelopida,</span> 
     </span>
     <span class='ocr_line' id='line_1_43' title="bbox 162 3586 1070 3668; baseline 0.002 -19"><span class='ocrx_word' id='word_1_327' title='bbox 162 3587 280 3649; x_wconf 75' lang='lat' dir='ltr'>mules</span> <span class='ocrx_word' id='word_1_328' title='bbox 294 3586 412 3648; x_wconf 86' lang='lat' dir='ltr'>Thebas</span> <span class='ocrx_word' id='word_1_329' title='bbox 425 3600 614 3666; x_wconf 84' lang='lat' dir='ltr'>occuparunt,</span> <span class='ocrx_word' id='word_1_330' title='bbox 629 3600 658 3649; x_wconf 89' lang='lat' dir='ltr'>et</span> <span class='ocrx_word' id='word_1_331' title='bbox 674 3591 841 3668; x_wconf 88' lang='lat' dir='ltr'>praesidium</span> <span class='ocrx_word' id='word_1_332' title='bbox 855 3591 1070 3652; x_wconf 71' lang='lat' dir='ltr'>Lacedaemoni·</span> 
     </span>
    </p>
   </div>
   <div class='ocr_carea' id='block_1_4' title="bbox 0 0 1194 4036">
    <p class='ocr_par' dir='ltr' id='par_1_15' title="bbox 0 0 1194 4036">
     <span class='ocr_line' id='line_1_44' title="bbox 0 0 1194 4036; baseline 0 0"><span class='ocrx_word' id='word_1_333' title='bbox 0 0 1194 4036; x_wconf 95' lang='lat' dir='ltr'> </span> 
     </span>
    </p>
   </div>
  </div>
 </body>
</html>
