2378 4036
315 235 419 299 xvu.
463 191 537 310 ar,
552 243 582 299 s.
630 234 836 317 (Agesilaus.)
986 241 1007 299 r

124 411 157 465 n,
177 390 281 467 inquit,
297 408 344 447 eos
361 392 534 465 exstinguere
554 389 733 458 coluerimus,
750 391 800 463 qui
817 387 958 446 nobiscum
978 388 1019 445 od

125 490 218 530 maru
232 468 367 528 borioros
380 477 521 537 rteumnt,
535 469 695 541 nosmetipsi
707 486 758 525 nos
772 468 1029 542 expugnaverimus,

124 551 179 609 iliis
191 547 405 626 qnesoenoom.
450 545 513 620 Quo
527 545 612 625 facto
624 547 685 605 sine
704 547 821 622 negotio,
841 564 925 622 qnam
938 545 1029 604 nolue-

123 625 252 698 rint'nos
265 631 426 701 monent.

160 706 214 766 vl.
237 705 358 765 Interim
373 703 478 764 accidit
492 704 544 763 illa
559 703 711 762 calamitas
726 704 802 780 apud
826 702 957 762 Leuctra
971 701 1029 761 La·
1051 749 1057 762 .

123 785 322 846 oedaemoniis:
344 803 401 860 quo
415 803 451 841 ne
473 783 715 860 proficisceretur,
731 801 822 859 quum
843 803 861 840 a
884 783 1030 859 plerisque

123 865 157 922 ad
170 863 338 924 exeundum
352 872 541 940 premeretur,
557 873 589 919 ut
602 862 627 919 si
641 860 677 918 de
691 862 771 919 exitu
785 860 934 931 divinaret,
949 861 1030 918 exire

122 944 222 1002 noluit.
253 941 343 1012 Idem,
358 960 449 1017 quum
463 940 680 1017 Epaminondas
694 940 828 1016 Spartam
838 949 1028 1017 oppugnaret,

122 1033 254 1098 essetque
278 1021 340 1078 sine
362 1020 455 1077 muris
478 1018 625 1095 oppidum,
649 1018 747 1097 Μ
767 1037 798 1077 se
826 1019 1029 1095 imperatorem

122 1101 251 1177 praebuit,
276 1109 317 1182 nt
333 1119 367 1157 eo
390 1109 518 1174 tempore
542 1097 676 1155 omuibus
698 1099 874 1175 apparuerit,
899 1098 955 1154 nisi
978 1096 1029 1155 ille
1090 1110 1188 1133 -‘···

122 1179 232 1249 fuisset,
258 1177 391 1254 Spartam
417 1177 545 1235 futuram
567 1195 624 1234 non
648 1175 746 1234 fuisse.
787 1172 822 1234 Iii
842 1174 1068 1253 quoquidemss

122 1258 287 1318 discrimine
311 1257 446 1314 celeritas
470 1255 535 1330 ejus
559 1255 671 1313 consilii
696 1255 783 1313 saluti
805 1253 1062 1313 furt‘univereiss‘

122 1336 200 1394 Nam
214 1354 304 1413 quum
319 1334 437 1410 quidam
451 1333 667 1404 adolescentuli,
681 1334 805 1391 hostium
827 1333 952 1391 adventu
966 1352 1029 1410 per·

122 1416 223 1485 territi,
239 1414 276 1471 ad
290 1413 445 1472 Thebanos
459 1412 642 1489 transfugere
656 1412 772 1483 vellent,
788 1423 817 1470 et
837 1413 933 1471 locum
947 1422 1030 1471 extra

123 1495 222 1552 urbem
248 1492 357 1550 editum
377 1493 521 1568 cepissent
532 1512 542 1564 ;
570 1492 737 1569 Agesilaus,
751 1493 802 1568 qui
824 1492 1029 1569 perniciosissi-

122 1591 202 1630 mum
227 1571 287 1630 fore
308 1570 427 1640 videret,
441 1571 467 1628 si
493 1570 726 1628 animadversum
748 1581 1030 1646 essetquamquam

122 1650 158 1708 ad
178 1651 274 1709 hostes
287 1648 470 1726 transfugere
484 1651 594 1719 conari,
609 1668 678 1707 cum
692 1650 753 1706 suis
774 1669 809 1706 eo
823 1650 911 1718 venit,
933 1659 1029 1724 atque,

123 1740 154 1787 ut
173 1730 199 1786 si
221 1730 295 1786 bono
316 1729 411 1786 animo
436 1727 580 1798 fecissent,
595 1727 726 1785 laudavit
750 1727 904 1784 consilium
918 1745 1028 1796 eorum,

121 1807 198 1883 quod
212 1827 280 1865 eum
294 1807 391 1864 locum
404 1817 604 1882 occupassent,
619 1815 648 1863 et
670 1825 701 1864 se
721 1804 749 1862 id
770 1823 884 1880 quoque
898 1805 962 1862 fieri
981 1803 1029 1861 de-

123 1887 192 1944 bere
207 1885 454 1943 animadvertisse.
497 1885 548 1943 Sic
565 1884 793 1942 adolescentulos
807 1882 943 1940 simulata
967 1881 1028 1940 lau·
1050 1887 1068 1940 3

121 1965 235 2023 datione
246 1965 439 2040 recuperavit,
454 1974 483 2022 et
497 1964 641 2040 adjunctis
654 1963 690 2020 de
701 1963 762 2020 suis
771 1962 923 2020 comitibus
933 1961 1030 2018 locum

122 2053 216 2101 tutum
231 2043 357 2119 reliquit.
399 2043 535 2118 Namque
550 2043 602 2113 illi,
617 2053 702 2100 aucto
720 2061 842 2100 numero
856 2059 965 2108 eorum,
979 2040 1030 2117 qui

122 2132 253 2198 expertes
266 2131 350 2180 erant
364 2122 486 2192 consilii,
500 2141 681 2180 commovere
695 2141 726 2179 se
740 2140 797 2178 non
811 2130 878 2178 sunt
895 2120 969 2189 ausi,
983 2139 1028 2178 eo-

120 2220 177 2277 que
193 2201 338 2270 libentius,
349 2200 426 2277 quod
440 2201 530 2258 latere
545 2200 767 2270 arbitrabantur,
783 2219 892 2277 quaeco
913 2199 1027 2256 iterant.

160 2278 229 2338 Vll.
251 2279 321 2337 Sine
345 2279 433 2337 dubio
455 2289 517 2356 post
540 2278 728 2338 Leuctricam
749 2298 877 2355 pugnam
891 2219 1028 2336 {acedu-
1051 2283 1066 2335 l

121 2359 210 2416 monii
223 2377 255 2416 se
269 2377 429 2434 numquam
444 2357 617 2427 refecerunt,
633 2376 726 2433 neque
747 2358 901 2434 pristinum
914 2357 1028 2433 imperi·

122 2455 172 2494 um
187 2446 414 2512 recuperarunt:
435 2455 527 2513 quum
540 2437 655 2495 interim
670 2437 828 2513 Agesilaus
842 2454 899 2494 non
913 2435 1028 2506 destitit,
1138 2487 1145 2502 ,.

120 2515 353 2591 quibuscumque
380 2515 468 2574 rebus
495 2525 597 2592 posset,
625 2516 748 2591 patriam
772 2514 887 2590 juvare.
949 2514 1067 2572 Nam2
1138 2511 1142 2516 ’

119 2613 212 2670 quum
236 2595 382 2671 praecipue
406 2592 620 2652 Lacedaemonii
641 2593 803 2671 indigerent
823 2594 956 2670 pecunia,
977 2594 1028 2651 ille

120 2673 263 2741 omnibus,
277 2673 328 2748 qui
342 2691 360 2730 a
373 2691 442 2749 rege
456 2671 631 2743 defecerant,
647 2673 778 2749 praesidio
799 2671 870 2730 fuit:
892 2673 1029 2748 aquibus

121 2769 229 2829 magna
243 2750 364 2808 donatus
388 2751 512 2827 pecunia
536 2753 658 2828 patriam
672 2752 843 2809 sublevavit.
887 2751 984 2825 Atque
998 2750 1028 2806 in
1049 2753 1067 2806 3

120 2829 175 2887 hoc
189 2828 262 2886 illud
276 2830 407 2905 inprimis
421 2829 476 2887 fuit
490 2829 667 2900 admirabile,
682 2849 773 2905 quum
787 2830 915 2886 maxima
929 2846 1028 2884 mune·

121 2926 155 2964 ra
168 2907 197 2964 ei
211 2907 248 2964 ab
261 2907 387 2985 regibus,
397 2917 425 2966 et
439 2908 576 2982 dynastis,
588 2910 810 2984 civitatibusque
819 2906 1028 2974 conferrentur,

119 2985 196 3061 quod
210 2986 282 3043 nihil
298 3005 435 3061 umquam
457 2985 514 3064 [in]
529 2987 645 3046 domum
665 3006 748 3044 suam
763 2986 892 3053 contulit,
907 2983 979 3040 nihil
993 2982 1029 3040 de

121 3065 211 3133 victu,
226 3063 297 3121 nihil
312 3064 348 3122 de
363 3065 467 3122 vestitu
481 3063 632 3124 Laconum
647 3065 778 3122 mutavit.
821 3063 913 3120 Domo
927 3061 1029 3119 eadem
1048 3067 1066 3123 4

121 3141 176 3199 fuit
200 3153 360 3213 contentus,
385 3163 445 3218 qua
464 3143 674 3219 Eurysthenes,
697 3143 861 3219 progenitor
885 3141 1028 3216 majorum

120 3239 249 3290 suorum,
261 3220 355 3279 fuerat
369 3240 456 3279 usus:
484 3241 572 3298 quam
586 3223 637 3298 qui
650 3222 780 3289 intrarat,
790 3221 904 3277 nullum
913 3222 1029 3298 signum

120 3298 257 3369 libidinis,
272 3299 386 3357 nullum
400 3300 525 3358 luxuriae
539 3301 636 3358 videre
651 3307 780 3376 poterat3
804 3311 903 3357 contra
917 3319 951 3358 ea
966 3300 1028 3376 plu·
1114 3367 1117 3379 Ι

122 3378 196 3434 rima
220 3379 365 3454 patientiae
387 3388 474 3454 atque
499 3379 687 3437 abstinentiae.
729 3376 879 3447 Siqenim
901 3389 963 3436 erat
987 3380 1028 3434 in·
1110 3426 1115 3435 ,

120 3464 242 3594 uruqttqa,
267 3457 403 3535 utnulla
427 3458 457 3514 in
483 3475 515 3514 re
539 3455 666 3514 differret
686 3453 817 3533 cujusvis
836 3458 929 3534 inopis
942 3466 1029 3531 atque
1114 3466 1115 3469 ’

141 3551 186 3592 rev
229 3575 237 3591 .

122 3551 246 3675 pVlll.
273 3614 371 3690 Atque
396 3613 443 3672 bio
464 3622 561 3711 raptus
586 3613 639 3685 vir,
665 3623 697 3695 qt
719 3622 854 3671 naturam
876 3611 1029 3668 fautrioem
1051 3614 1066 3676 t
