2378 4036
142 218 204 290 toa’
256 223 364 290 XXV.
409 230 460 289 21.
507 221 561 307 (T.
577 221 775 307 Pomponius
789 225 939 307 Auens.)

137 396 206 437 eum
219 378 369 448 scriberet,
384 395 476 454 quum
493 376 578 436 modo
591 376 703 453 aliquid
724 377 760 435 de
775 379 946 454 antiquitate
968 380 1004 436 ab
1018 401 1051 440 ee

137 457 306 534 requireret,
335 457 424 515 modo'
449 455 578 532 aliquam
610 455 667 545 [ei]
695 457 885 532 questionem
910 459 1051 532 poetieam

136 546 315 613 proponeret,
338 535 482 594 interdum
507 534 611 610 jocans
638 552 704 610 ejus
728 535 908 593 verbosiores
932 536 1051 596 eliceret

97 615 281 698 aepistulas.
324 615 372 673 Ex
492 613 589 685 ecidit,
604 632 695 690 quum
720 613 791 671 aedis
814 613 895 672 lovis
917 614 1050 686 Feretrii,

107 704 111 711 ’
135 693 166 751 in
180 693 355 771 Capitolina
417 692 514 753 omulo
527 694 692 761 constituta,
708 702 851 750 vetustate
867 703 953 768 atque
967 695 1049 752 incu-

3 777 49 888 7t
67 784 69 791 ‘
135 773 180 830 ria
200 772 313 831 detecta
328 773 592 850 prolaberetur,rat·
602 772 695 830 Attici
710 771 858 830 admonitu
872 771 971 830 Cesar
985 793 1050 832 eam

94 853 114 908 4
135 851 322 910 reficiendam
340 853 468 919 curent.
491 849 597 926 Neque
612 869 681 908 vcro
701 850 737 908 ab
753 849 796 908 Μ.
812 852 939 909 Antonio
953 853 1050 911 minus

134 929 239 988 absens
253 931 356 989 litteris
369 931 546 1008 colebaturr
558 928 594 987 ed
630 971 639 1000 ,
652 939 687 1005 ut
700 939 839 988 accurate
859 930 910 987 ille
924 949 961 987 ex
983 931 1048 990 ulti.

2 1003 42 1141 ’ζ
133 1009 189 1067 mis
202 1010 297 1080 terris,
306 1010 376 1086 quid
391 1019 500 1087 ageret,
509 1009 560 1084 qui
593 1026 674 1080 ourae
687 1004 743 1066 sib'i
757 1008 885 1079 haberet,
895 1010 1049 1069 certiorem

93 1091 113 1145 6
134 1086 246 1147 faceret
259 1089 403 1147 Atticum.
445 1088 511 1147 Hoc
525 1086 612 1164 quale
627 1088 672 1158 sit,
688 1085 806 1145 facilius
819 1088 994 1146 existimabit
1014 1090 1050 1161 is,

133 1154 329 1244 qusJu‘dicare
343 1167 454 1244 poterit,
463 1176 581 1244 quantae
591 1167 628 1224 sit
641 1167 800 1243 sapientire,
811 1185 911 1225 eorum
923 1169 1048 1227 retinere

134 1264 220 1304 usum
236 1247 532 1323 benevolentiamque,
548 1246 623 1304 inter
644 1264 718 1322 quos
739 1247 933 1304 maximarum
949 1266 1048 1306 rerum

132 1343 190 1398 non
204 1326 299 1384 solum
313 1327 468 1395 aemulatio,
483 1325 534 1383 sed
551 1325 720 1383 obtrectatio
741 1334 821 1383 tauta
841 1326 1047 1397 intercedebat,

125 1415 270 1480 ‘quantam
286 1403 339 1463 suit
353 1405 481 1465 incidere
495 1423 615 1462 necesse
629 1403 706 1462 inter
721 1403 868 1462 Gaesarem
883 1414 970 1480 atque
985 1407 1045 1463 An.

132 1483 252 1552 tonium',
276 1503 368 1559 quum
390 1504 421 1542 se
444 1495 567 1560 uterque
590 1483 750 1560 principem
772 1501 829 1540 non
850 1483 944 1541 solum
967 1485 1046 1542 urbis

133 1561 282 1632 Romanae,
297 1563 347 1620 sed
361 1564 439 1621 orbis
452 1572 597 1621 terrarum
611 1582 674 1620 esse
689 1571 820 1639 cuperet.

95 1645 110 1698 1
174 1641 254 1701 XXI.
278 1641 347 1700 Tali
368 1642 451 1701 modo
464 1661 556 1719 quum
577 1652 687 1719 septem
701 1652 730 1699 et
752 1642 936 1719 septuaginta
957 1661 1046 1701 annos

132 1722 313 1799 complesset,
329 1732 416 1799 atque
431 1721 467 1779 ad
488 1731 648 1779 extremam
662 1731 843 1778 senectutem
867 1739 925 1778 non
950 1723 1046 1780 minus

133 1798 281 1878 dignitate,
291 1821 379 1877 quam
388 1802 483 1880 gratia
493 1799 665 1876 fortunaque
676 1801 825 1870 crevisset,
836 1801 957 1878 (multas
967 1803 1045 1858 enim

133 1879 307 1940 hereditates
321 1882 403 1939 nulla
418 1881 477 1939 alia
492 1899 532 1950 re,
547 1899 636 1957 quam
652 1880 786 1950 bonitate,
798 1891 842 1937 est
856 1880 1045 1957 consecutus)

132 1968 269 2037 tantaque
293 1961 481 2038 prosperitate
508 1978 577 2017 usus
599 1970 675 2017 esset
699 1958 882 2028 valetudinis,
906 1968 937 2016 ut
961 1960 1045 2017 annis

93 2043 112 2096 2
132 2039 251 2117 triginta
265 2039 409 2097 medicina
424 2058 481 2096 non
503 2035 691 2114 indiguisset:
712 2049 817 2096 nactus
837 2048 880 2096 est
900 2038 1044 2108 morbum,

133 2136 220 2192 quem
235 2119 316 2176 initio
330 2128 358 2176 et
375 2119 436 2194 ipse
451 2127 480 2175 et
493 2116 599 2175 medici
613 2127 856 2194 contempserunt.
898 2116 978 2174 Nam
993 2136 1043 2193 pu-

110 2205 229 2263 ,tarunt
253 2215 317 2254 esse
341 2208 499 2266 tenesmon,
524 2195 574 2254 oui
598 2195 727 2253 remedia
749 2196 859 2254 celeria
887 2195 1044 2272 faciliaque

93 2278 111 2332 3
132 2275 373 2350 proponebantur.
415 2274 449 2334 ln
473 2275 528 2332 hoc
552 2271 643 2350 quum
667 2285 726 2333 tres
750 2294 865 2333 menses
888 2275 951 2333 sine
976 2275 1045 2332 ullis

132 2352 286 2422 doloribus,
301 2363 495 2431 praeterquam
516 2372 589 2430 quos
603 2372 640 2411 ex
654 2355 804 2412 curatione
819 2354 961 2431 capiebat,
977 2373 1043 2412 con-

131 2432 319 2508 sumpsisset:
341 2433 436 2491 subito
448 2442 529 2517 {Q
543 2433 588 2491 vis
604 2433 696 2491 morbi
710 2433 739 2489 in
763 2451 854 2491 unum
876 2434 1043 2491 intestinum

131 2511 270 2588 prorupit,
276 2521 332 2593 ut
337 2519 467 2570 extremo
480 2520 607 2588 tempore
622 2531 675 2589 per
698 2511 812 2574 lumbos
832 2512 930 2570 fistula
951 2513 1049 2588 putris·

3 2596 35 2608 ”’
91 2594 111 2649 4
223 2590 269 2648 rit.
311 2591 411 2668 Atque
425 2591 480 2650 hoc
495 2593 664 2669 priusquam
678 2592 706 2648 ei
721 2591 875 2661 accideret,
891 2602 1042 2668 postquam

131 2669 162 2726 in
202 2669 244 2732 ies
266 2670 378 2729 dolores
402 2689 573 2730 accrescere
601 2669 752 2746 febresque
774 2671 932 2728 accessisse
953 2672 1044 2728 sensit

132 2748 296 2826 Agrippam
354 2748 458 2809 nerum
473 2749 509 2808 ad
530 2769 561 2808 se
576 2750 687 2808 arcessi
703 2749 800 2824 jussit,
815 2759 844 2807 et
864 2768 933 2808 cum
947 2769 983 2807 eo
1003 2748 1041 2808 L.

92 2831 112 2884 5
131 2827 301 2888 Cornelium
350 2828 449 2887 album
471 2828 651 2905 Sextumque
676 2828 863 2886 Peducaeum.
919 2827 983 2886 Hos
1011 2837 1043 2887 ut

132 2908 247 2967 venisse
259 2909 343 2979 sidit,
357 2909 387 2966 in
408 2909 541 2967 cubitum
564 2908 701 2965 innixus:
722 2917 862 2983 quantam,
878 2908 980 2982 inquit,
996 2927 1042 2966 ou·

131 3006 194 3046 ram
207 2987 433 3065 dilr'gentiomqrte
446 2988 650 3046 invaletudine
663 3005 724 3045 mea
738 2988 841 3044 tuendo
861 2988 911 3044 boc
925 2996 1043 3060 tempore

131 3067 313 3139 adhibuerim,
328 3086 411 3143 quum
424 3085 473 3124 voa
486 3075 569 3126 water
579 3066 702 3136 bobum,
718 3066 791 3123 nibil
801 3083 913 3124 arcesse
927 3074 968 3122 est
976 3065 1041 3137 plu·

131 3146 211 3203 ribus
230 3147 325 3206 verbis
346 3164 564 3205 commemorare.
608 3142 718 3218 Quibus
741 3146 928 3220 quatiamur
950 3161 1041 3216 spero,

132 3222 268 3300 satisfeci,
282 3245 325 3284 me
337 3226 411 3285 atttt
426 3225 529 3301 reliqui
538 3223 659 3303 fecisse,
677 3226 751 3300 quod
768 3224 808 3281 ad
829 3221 986 3280 sanandum
1000 3240 1042 3278 me

92 3304 112 3358 6
128 3304 290 3376 pertineret,
304 3305 441 3380 reliquum
454 3313 504 3374 eat,
519 3313 662 3380 utegomet
675 3302 743 3360 mitt
756 3301 907 3360 maulam.
943 3297 981 3356 Id
994 3318 1042 3356 vor

113 3394 115 3398 ·
138 3381 145 3394 ’
212 3398 262 3438 ore
275 3382 362 3439 nolui.
405 3380 482 3441 Nom
497 3383 566 3441 mitt
586 3382 740 3452 detulere
760 3379 882 3439 morbum
902 3381 1041 3437 desinere.

164 3476 261 3534 umque
275 3458 320 3516 bia
333 3460 430 3518 diebrw
450 3463 586 3536 quidqmd
606 3461 662 3518 cibi
674 3459 872 3538 flrctiomque]
892 3459 989 3527 mmei,
1000 3459 1075 3537 i-tq,

3 3558 88 3611 *x
128 3538 253 3613 predari
264 3538 537 3631 attemptantem
550 3540 661 3598 dolores
673 3541 734 3596 eine
744 3556 794 3612 spe
807 3540 920 3597 solede.
947 3533 1042 3609 Quare
