2378 4036
162 281 205 341 78
357 273 478 338 XVIII.
525 281 638 350 10,11.
685 271 880 356 (Eumenes.)

160 435 219 486 tem
232 425 438 485 refrenandum
452 428 590 503 impetum
605 426 663 485 tale
677 427 755 502 capit
765 425 929 484 eonsilium.
964 424 1066 484 Certos

159 506 244 564 mittit
257 506 387 563 homines
401 505 436 564 ad
451 506 564 563 infimos
579 515 697 574 montes,
713 506 764 580 qui
783 504 860 562 obvii
872 514 957 562 erant
969 504 1066 562 itineri

160 583 402 654 adversariorum,
422 585 526 659 hisque
547 583 691 660 praecepit,
707 593 739 640 ut
763 584 856 659 prima
869 592 963 653 nocte,
976 599 1066 660 quam

159 661 299 720 latissime
323 664 439 738 possint,
462 663 545 738 ignes
567 661 676 719 faciant
700 680 788 736 quam
807 663 956 731 maximos,
979 671 1066 738 atque

160 740 212 798 hos
225 741 355 798 secunda
365 741 466 818 vigilia
480 741 620 810 minuant,
635 741 720 797 tertia
741 741 914 816 perexiguos
928 739 1065 797 reddant:

121 821 140 877 4
160 827 189 876 et
209 818 376 876 assimulata
390 829 549 877 castrorum
563 818 770 876 consuetudine
790 819 982 894 suspicionem
1002 819 1066 894 inji-

160 897 238 954 ciant
252 897 388 966 hostibus,
400 898 445 954 his
458 897 530 957 locis
543 907 722 965 essecestra,
733 915 768 953 ac
782 896 927 954 decorum
941 896 1066 954 adventu

160 994 224 1032 esse
252 976 494 1051 praenuntiatum
530 974 664 1051 idemque
693 984 806 1050 postera
834 985 917 1033 nocte
945 973 1065 1033 iaciant.

120 1055 139 1110 5
160 1053 276 1119 Quibus
300 1055 473 1130 imperatum
488 1063 559 1123 erat,
573 1053 728 1130 diligenter
752 1064 928 1130 praeceptum
949 1063 1064 1110 curant.

161 1132 334 1208 Antigonus,
360 1134 487 1190 tenebris
510 1133 623 1201 obortis,
646 1133 729 1208 ignes
743 1132 943 1208 conspicaturt
965 1131 1066 1201 credit,

160 1210 196 1267 de
210 1229 263 1268 suo
277 1211 402 1268 adventu
417 1231 480 1269 esse
495 1211 634 1280 auditum,
650 1220 678 1267 et
704 1210 884 1268 adversarios
904 1211 977 1267 illuc
998 1229 1067 1267 suas

120 1291 139 1344 6
161 1290 338 1346 contraxisse
352 1291 466 1366 copias,
503 1289 598 1347 Mutat
622 1289 784 1358 consilium,
800 1298 838 1358 et,
853 1289 989 1365 quoniam
1013 1289 1065 1345 im·

67 1414 69 1418 Α
161 1367 316 1444 prudentes
330 1367 436 1426 adoriri
450 1387 507 1425 non
522 1378 623 1444 posset,
644 1368 733 1425 flectit
751 1368 807 1424 iter
820 1386 915 1436 suum,
930 1378 960 1424 et
982 1367 1065 1424 illum

161 1444 326 1503 anfractum
348 1446 507 1522 longiorem
531 1447 653 1522 oopiosae
675 1447 730 1503 viae
754 1446 840 1522 capit,
865 1447 963 1522 ibique
990 1445 1066 1503 diem

161 1542 252 1581 uuum
267 1526 415 1600 opperitur
435 1524 471 1582 ad
492 1524 689 1582 lassitudinem
711 1523 867 1581 sedandam
882 1525 1007 1582 rnilitum
1031 1543 1067 1582 ao

162 1603 318 1660 reficienda
328 1603 471 1679 jumenta,
486 1623 544 1680 quo
557 1603 712 1680 integriore
726 1604 857 1660 exercitu
871 1602 1051 1660 decerneret.

124 1684 138 1738 1
203 1680 239 1740 X.
263 1681 321 1739 Hie
336 1681 486 1740 Eumenes
499 1681 640 1739 callidum
660 1682 862 1758 imperatorem
883 1682 953 1738 vicit
974 1682 1066 1738 oonsi-

161 1759 209 1829 lio,
220 1761 458 1837 celeritatemque
469 1761 621 1836 impedivit
628 1761 692 1836 ejus
702 1779 710 1832 3
727 1778 822 1836 neque
836 1761 1066 1818 tamen‘multum

122 1841 141 1894 2
161 1838 291 1915 proiecit.
334 1839 413 1897 Nam
434 1839 543 1897 invidia
555 1839 674 1908 ducum,
689 1857 757 1896 cum
778 1839 883 1916 quibus
896 1848 967 1908 erat,
983 1839 1066 1914 perfi-

161 1916 266 1994 diaque
281 1917 474 1976 Macedonum
488 1927 699 1987 veteranorum,
714 1935 804 1993 quum
819 1918 950 1994 superior
965 1917 1067 1995 proelio

161 1993 347 2066 discessisset,
364 1997 511 2074 Antigono
524 2005 567 2053 est
581 1995 702 2065 deditus,
717 2014 808 2072 quum
823 1997 968 2054 exercitus
982 1997 1009 2053 ei
1023 2006 1068 2053 ter

162 2085 228 2131 anto
242 2076 383 2150 separatis
396 2075 573 2150 temporibus
585 2074 719 2150 jurasset,
741 2093 854 2132 seeum
869 2073 1066 2144 defensurum,

163 2169 218 2208 nec
232 2170 371 2226 umquam
385 2152 578 2209 deserturum.
622 2152 678 2210 Sed
700 2162 780 2210 tanta
795 2153 848 2210 fuit
863 2154 1068 2211 nonnullorum

163 2229 277 2286 virtutis
299 2230 476 2300 obtrectatio,
505 2240 537 2288 ut
559 2230 645 2288 fidem
671 2232 802 2289 amittere
826 2231 955 2307 malle-nt,
979 2250 1068 2308 quam

122 2309 229 2367 boum
253 2325 310 2364 non
335 2308 466 2384 prodere.
507 2308 608 2386 'iltque
628 2310 707 2367 hunc
728 2310 902 2388 Antigonus,
927 2329 1018 2386 quum
1040 2311 1068 2367 ei
1107 2310 1110 2315 ’

162 2383 264 2442 fuisset
277 2385 488 2458 infestissimus,
503 2397 710 2458 conservasset,
725 2389 750 2446 si
771 2407 823 2464 per
835 2407 902 2446 suos
916 2398 992 2446 esset
1005 2389 1067 2447 lioi-

162 2473 233 2532 tum,
248 2464 323 2539 quod
349 2465 385 2522 ab
399 2465 480 2524 nullo
494 2486 525 2524 se
546 2467 612 2544 plus
626 2467 760 2542 adjuvari
784 2485 866 2544 posse
889 2467 1069 2545 intelligebat

162 2542 192 2598 in
213 2541 258 2599 his
279 2544 375 2613 rebus,
390 2563 464 2620 quas
484 2545 649 2622 impendere
670 2545 733 2622 jam
748 2545 902 2622 apparebat
924 2545 1068 2605 omnibus.

162 2619 353 2678 lmannebant
376 2624 453 2679 enim
478 2623 629 2692 Seleucus,
654 2622 860 2699 Lysimachus,
887 2624 1067 2695 Ptolemaeus,

161 2699 263 2776 opibus
284 2700 345 2776 jam
371 2701 509 2771 valentes,
525 2720 594 2759 oum
618 2703 724 2777 quibus
737 2703 765 2759 ei
786 2701 822 2759 de
845 2703 967 2760 summis
981 2703 1069 2761 rebus

124 2780 142 2834 4
162 2789 225 2836 erat
248 2777 456 2837 dimicandum.
499 2779 556 2837 Sed
580 2799 638 2837 non
660 2781 738 2856 passi
761 2790 830 2838 sunt
851 2782 890 2852 hi,
914 2781 966 2857 qui
988 2781 1069 2840 clroa

162 2867 262 2916 eraut:
283 2857 359 2934 quod
374 2857 517 2928 videbant,
532 2857 667 2916 Eumene
680 2869 804 2934 recepto,
818 2879 919 2918 omnes
938 2877 999 2936 prae
1019 2859 1070 2917 illo

162 2937 246 3013 parvi
261 2936 382 2995 futuros.
424 2935 488 3013 Ipse
503 2946 601 2994 autem
616 2938 782 3013 Antigonus
803 2937 950 3016 adegerat
970 2938 1068 2995 inaen-

162 3033 221 3086 sus,
236 3027 278 3089 ut,
292 3015 348 3074 nisi
372 3034 479 3094 magna
492 3035 542 3093 spe
564 3014 757 3072 maximarum
781 3035 887 3087 rerum,
903 3017 988 3074 leniri
1012 3035 1067 3074 non

197 3105 266 3153 sset,

127 3175 140 3228 l
163 3112 259 3229 Po'XL‘
279 3173 379 3249 ltaque
393 3193 484 3250 quum
498 3193 566 3232 eum
586 3174 616 3232 ln
631 3172 791 3231 custodiam
806 3172 940 3244 dedisset,
955 3181 984 3230 et
997 3190 1067 3249 prm

163 3247 257 3306 sectus
270 3253 424 3308 custodum
448 3254 607 3328 quaesisset,
621 3251 864 3327 quemadmodum
884 3251 997 3310 servari
1011 3250 1067 3308 vel·

162 3325 225 3384 lert
246 3336 276 3383 at
293 3332 467 3400 acerrimum,
482 3332 583 3407 inquit,
599 3331 710 3401 lemnam,
725 3338 774 3388 aut
786 3328 998 3406 ferocissimam
1017 3330 1070 3388 ele·

159 3405 304 3480 plantam.
346 3406 484 3464 Nondum
509 3411 586 3467 enim
614 3418 761 3478 statuerat,
784 3419 971 3467 conservaret
992 3426 1071 3479 eum,

124 3487 142 3540 2
164 3501 219 3541 neo
229 3499 277 3540 ne.
308 3482 452 3542 Veniebat
466 3496 564 3544 autem
579 3487 615 3543 ad
629 3486 794 3545 Eumenem
808 3497 964 3563 utrumque
978 3504 1073 3565 genus

165 3561 331 3622 bominumr
352 3563 444 3637 etqui
461 3574 575 3640 propter
588 3564 686 3622 odium
701 3563 830 3622 fructum
843 3566 938 3624 oculis
950 3582 988 3624 ex
1007 3565 1073 3642 ejus

155 3657 233 3697 nasu
253 3658 363 3699 canere
377 3639 495 3712 vellent,
509 3650 539 3699 et
558 3641 610 3719 qui
634 3652 749 3718 propter
761 3652 888 3702 veterem
913 3643 1073 3703 amicitiam
