2378 4036
475 257 684 339 X.(Diau)
990 268 1042 323 at·

128 403 300 463 reficiendos
322 413 411 474 curat,
433 403 621 479 pecuniaque
645 405 851 480 quinquaginta
870 415 911 462 ta·
960 431 998 522 ³3²

127 484 211 554 lenta,
225 501 289 560 qua
304 501 323 538 a
342 447 529 540 Pharnabazo
543 493 706 558 acceperat,
721 483 833 542 civibus
849 483 911 547 suis
935 482 987 522 ⁸⁶⁰
987 492 1021 524 ·¹¹

127 561 220 619 donat.

163 639 202 696 V.
237 638 355 696 Accidit
368 637 447 709 huic,
460 639 536 714 quod
549 639 655 698 ceteris
669 641 844 710 mortalibus,
858 650 889 698 ut
904 640 1031 702 inconsi-
1056 646 1068 701 l

126 717 250 775 doratior
276 717 308 774 in
331 682 469 787 secundia,
492 736 578 792 quam
603 718 635 776 in
658 717 781 776 adversa
804 729 884 777 esset
907 719 1030 780 fortuna.

126 795 202 852 Nam
215 797 314 853 classe
339 795 617 871 Peloponnesiorum
640 796 755 854 devicta
778 816 865 873 quum
887 799 1030 859 ultumas

125 874 244 950 injurias
266 873 365 949 patriae
388 884 509 949 putaret,
521 875 604 949 plura
618 876 793 964 concupivit,
806 895 892 952 quam
912 877 1029 936 efficere

124 953 223 1028 potuit.
266 952 370 1027 Neque
383 962 480 1010 tamen
495 971 531 1010 ea
543 971 602 1010 non
622 953 672 1042 pia
686 964 716 1011 ot
737 955 920 1043 probandas
917 967 1028 1027 uerunt,
1052 962 1071 1016 Ξ

124 1031 198 1105 quod
221 1030 319 1106 potius
345 1031 446 1106 patriae
470 1049 542 1106 opes
571 1032 679 1108 augeri,
704 1051 789 1106 quam
814 1033 893 1109 regis
919 1035 1029 1092 maluit.

124 1108 152 1166 N
153 1128 200 1165 am
213 1128 301 1184 quum
314 1127 448 1185 magnam
461 1110 659 1167 auctoritatem
672 1110 728 1168 sibi
748 1130 845 1200 pugna
858 1111 909 1169 illa
921 1113 1029 1183 navali,

123 1206 207 1276 quam
231 1187 309 1262 apud
333 1188 458 1245 Cnidum
481 1188 599 1258 fecerat,
624 1189 830 1259 constituisset,
854 1209 911 1248 uon
937 1156 1030 1248 soluni

123 1265 196 1322 inter
208 1267 356 1335 barbaros,
371 1266 424 1323 sed
438 1265 525 1323 etiam
538 1285 639 1324 omnes
662 1267 783 1325 Graeciae
798 1269 939 1338 civitates,
954 1269 1030 1327 clam

123 1343 190 1400 dara
215 1363 335 1419 operam
359 1344 455 1419 cupit,
476 1355 507 1402 ut
529 1345 640 1402 Ioniam
661 1357 689 1402 et
712 1347 842 1405 AEoliam
865 1349 1029 1407 restitueret

124 1422 362 1480 Atheniensibus.
403 1423 438 1481 Id
451 1442 538 1499 quum
550 1424 645 1481 minus
670 1425 824 1501 diligenter
848 1437 929 1484 esset
950 1428 1027 1484 cola·
1048 1431 1066 1485 3

123 1511 189 1571 tum,
198 1500 354 1558 Tiribazus
358 1520 421 1576 ‚qui
413 1501 572 1559 Sardibus
586 1515 713 1578 praerat,
727 1505 876 1565 Cononem
887 1506 1027 1576 evocavit,

123 1544 272 1648 simulans,
287 1580 324 1637 ad
337 1599 436 1655 regom
450 1600 516 1637 eum
536 1601 569 1638 se
583 1583 695 1639 mittere
710 1583 787 1640 velle
805 1603 996 1673 magnam

123 1657 157 1714 de
171 1675 214 1714 re
257 1657 353 1734 Hujus
372 1660 472 1720 nuntio
493 1678 597 1750 parens
620 1680 706 1734 quum
719 1662 857 1731 venisset,
878 1663 954 1720 ina·
934 1664 1027 1704 ΜΗ·

123 1736 237 1793 vincula
252 1738 401 1813 conjectus
423 1749 477 1808 ost,
497 1739 643 1814 inquibus
659 1740 832 1812 aliquamdiu
850 1705 914 1799 luit.
955 1740 1064 1798 Iudel

121 1814 251 1871 nonnulli
266 1833 333 1872 eum
347 1815 383 1872 ad
402 1835 502 1892 regem
515 1817 677 1886 abductum,
691 1818 788 1890 ibique
808 1817 922 1891 perisse
937 1817 1028 1893 scrip-

121 1893 379 1967 tumreliquerimt.
421 1895 528 1953 Contra
542 1915 578 1953 ea
604 1896 702 1952 Dinon
725 1894 891 1964 historicus,
906 1895 954 1952 cui
974 1913 1028 1953 nos

120 1970 319 2044 plurimumde
332 1972 462 2030 Persicis
476 1975 562 2031 rebus
572 1974 716 2031 credimus
719 1973 885 2049 ‚effugisse
894 1972 1026 2049 scripsit.

120 2048 368 2186 illugcaddubitat,
382 2062 475 2110 utrum
495 2053 631 2110 Tiribazo
645 2052 768 2123 sciente,
790 2071 828 2111 an
847 2051 1029 2130 imprudente

120 2125 157 2184 sit
217 2137 289 2186 tum.

422 2511 512 2591 X.
544 2513 730 2593 DION.

419 2857 730 2923 ARGUMENTUM.

125 2998 219 3058 OAP.
244 2999 271 3058 Ι.
303 2999 503 3078 Dionysiorum
515 3003 632 3137 qffiqis
620 3014 647 3060 et
660 3005 783 3060 intimus.
824 3000 869 3058 II.
891 2999 1026 3061 Platonis

159 3079 475 3170 discipulusetamicus.
535 3080 573 3138 II
597 3078 1026 3156 SimultosDionisatDiouysii

151 3157 286 3232 junioris.
328 3155 385 3214 IV.
411 3157 574 3215 Corinthum
588 3160 737 3218 devehitur.
778 3158 855 3232 Ejus
865 3158 1024 3238 flliuspas·

159 3236 226 3292 sime
240 3235 382 3292 educatur.
427 3236 461 3292 V.
486 3237 690 3314 Syracusarum
703 3238 812 3314 politus
826 3247 974 3314 tyranuum
987 3238 1026 3295 ad

155 3315 299 3390 pactiones
313 3314 404 3369 adt
458 3314 510 3372 VI.
530 3315 694 3373 Heraclidis
716 3315 787 3372 code
804 3317 937 3392 populum
955 3337 973 3373 o
993 3336 1024 3374 se

160 3391 272 3448 alienat.
305 3325 412 3450 VIV
400 3391 552 3470 Tyrannus
561 3394 644 3471 uulgo
654 3395 808 3471 appellatur
817 3415 872 3451 nou
874 3393 1021 3472 ferendus

163 3467 252 3526 VIII.
277 3469 440 3528 Callicrates
464 3472 577 3529 masilia
597 3474 740 3549 decipitur.
782 3471 841 3530 IX.
863 3472 947 3530 Domi
966 3491 1023 3528 sue

160 3547 202 3607 dia
215 3547 296 3624 sesto
310 3549 452 3606 occiditur.
493 3549 535 3606 X.
560 3550 710 3608 Tumultus
718 3551 1023 3628 postejusmortmet

162 3625 325 3684 desiderium
338 3628 448 3684 mortui.

563 3707 599 3764 4*
