2378 4036
184 214 227 314 aa
408 245 498 311 xvi.
542 254 571 321 a,
587 253 615 310 a.
663 243 872 330 (Pirama.)

181 419 240 480 que
254 401 388 460 factionis
401 401 546 478 principes
560 400 663 477 partim
678 397 891 468 interfecerant,
907 396 978 456 alios
998 398 1029 457 in
1043 418 1090 457 ex,

182 481 281 540 silium
295 481 461 558 ejecerant:
482 480 513 537 in
534 479 640 555 quibus
662 478 812 554 Pelopidas
826 478 885 549 hic,
900 477 936 535 de
950 496 1007 554 qno
1021 480 1091 536 scri.

183 559 251 618 bere
266 560 361 618 exorsi
375 577 486 627 sumus,
502 558 603 634 pulsus
618 559 711 634 patria
724 558 853 614 carebat.

145 644 159 697 l
221 637 260 697 ΙΙ.
283 638 324 696 Hi
345 656 446 695 omnes
470 636 531 694 fere
546 636 677 694 Athenas
697 655 728 693 se
743 637 935 705 contulerant,
950 654 1017 706 non,
1033 656 1091 712 quo

182 727 374 794 sequerentur
387 717 487 787 otium,
502 715 552 773 sed
579 725 619 784 ut,
634 734 780 791 quemque
795 734 831 772 ex
853 716 981 792 proximo
994 714 1091 774 locum

144 800 162 853 2
183 795 241 854 fors
254 796 412 866 obtulisset,
422 814 456 853 eo
470 795 592 871 patriam
608 811 781 870 recuperare
796 794 967 851 niterentur.
990 793 1091 871 Itaque

182 893 274 951 quum
294 885 408 951 tempus
423 883 466 932 cst
480 875 576 932 visum
591 873 634 930 rei
658 871 802 950 gerendae,
817 873 1009 930 communiter
1023 892 1091 930 cum

183 953 236 1024 his,
260 955 311 1031 qui
331 953 442 1012 Thebis
466 953 543 1010 idem
567 952 736 1021 sentiebant,
762 951 839 1009 diem
862 951 1033 1029 delegerunt
1056 951 1092 1009 ad

183 1032 315 1091 inimicos
341 1031 541 1110 opprimendos
568 1031 772 1106 civitatemque
806 1030 986 1088 liberandam
1013 1049 1091 1101 eum,

183 1129 239 1187 quo
262 1113 382 1170 maximi
403 1111 590 1190 magistratus
614 1109 700 1167 simul
727 1119 939 1167 consueverant
965 1110 1090 1186 cpulari.

143 1193 162 1248 3
184 1189 215 1247 Μ
256 1210 300 1249 nae
314 1209 390 1267 saepc
412 1209 459 1248 res
472 1207 528 1248 non
543 1190 583 1247 ita
597 1189 711 1266 magnis
725 1190 815 1264 copiis
829 1198 896 1247 sunt
910 1199 1018 1265 gestae3
1041 1189 1091 1246 sed

183 1210 310 1345 prlleoto
323 1288 484 1346 numquam
498 1269 534 1326 ab
558 1278 618 1326 tam
638 1268 719 1326 tenui
740 1268 822 1326 initio
836 1278 924 1325 tantae
937 1287 1006 1345 opes
1025 1279 1092 1327 sunt

183 1349 350 1425 profligatae.
387 1348 472 1406 ‘Nam
496 1347 649 1405 duodecim
673 1345 882 1405 adolescentuli
903 1348 1035 1404 coierunt
1055 1366 1092 1405 ex

183 1427 302 1502 his,qui
317 1427 419 1484 exsilio
438 1437 520 1484 erant
540 1427 664 1496 multati,
679 1444 770 1502 quum
790 1427 905 1483 omnino
925 1444 983 1483 non
997 1436 1092 1484 essent

184 1505 307 1582 amplius
322 1515 448 1575 centum,
464 1507 515 1582 qui
537 1515 615 1562 tanto
635 1525 667 1562 sa
680 1503 816 1563 offerrent
840 1505 980 1582 periculo.
1022 1505 1092 1571 Qua

144 1587 163 1641 4
183 1585 328 1660 paucitate
351 1585 486 1661 perculsa
501 1594 544 1642 est
564 1583 852 1642 Lacedaemoniorum
873 1584 1008 1660 potentia.
1051 1584 1092 1642 Hi

183 1664 261 1720 enim
276 1682 334 1721 non
354 1665 448 1742 magis
463 1663 697 1721 adversariorum
721 1663 847 1733 factioni,
872 1682 961 1740 quam
975 1662 1091 1739 Sparta·

183 1743 238 1813 nis,
253 1762 287 1801 eo
309 1753 437 1820 tempore
456 1743 566 1800 bellum
590 1743 760 1813 intulerunt,
776 1743 827 1818 qui
851 1743 996 1818 principes
1009 1751 1092 1800 erant

183 1824 270 1881 totius
294 1821 438 1895 Graeciae3
472 1840 596 1898 quorum
620 1822 733 1897 imper-ii
755 1822 901 1898 majestas,
929 1840 1025 1897 neque
1053 1822 1092 1879 ita

183 1902 274 1959 multo
298 1911 369 1978 post,
395 1900 553 1960 Leuctrica
578 1919 685 1978 pugna,
711 1901 747 1958 ab
771 1901 825 1958 hoc
846 1900 927 1957 initio
947 1900 1091 1976 perculsa,

143 1982 162 2036 5
183 1980 317 2038 concidit.
359 1979 407 2038 Illi
431 1981 520 2057 igitur
534 1979 695 2050 duodecim,
710 1998 834 2055 quorum
848 1988 911 2036 erat
930 1978 990 2038 dux
1012 1978 1091 2036 Pelo-

183 2058 273 2134 pidas,
288 2077 380 2133 quum
395 2058 520 2115 Athenis
533 2057 659 2115 interdiu
673 2059 809 2128 exissent,
825 2067 857 2115 ut
871 2068 1092 2134 vesperascente

183 2136 259 2194 coelo
273 2136 392 2193 Thebas
412 2146 527 2212 possent
546 2137 707 2213 pervenire,
723 2156 791 2195 cum
812 2137 935 2194 canibus
952 2137 1092 2195 venaticis

160 2285 161 2289 Ἰ
182 2215 325 2283 exierunt,
341 2215 414 2272 retia
428 2213 561 2286 serentes,
577 2217 682 2274 vestitu
697 2217 813 2294 agresti,
828 2235 886 2292 quo
906 2216 1016 2275 minore
1030 2235 1091 2274 sus-

182 2293 296 2370 picione
321 2291 451 2352 facerent
474 2295 539 2352 iter.
590 2294 651 2360 Qui
673 2314 763 2371 quum
788 2306 915 2372 tempora
939 2296 1009 2371 ipso,
1035 2312 1092 2371 quo

182 2370 361 2441 studuerant,
377 2374 584 2450 pervenissent,
600 2373 716 2431 domum
739 2373 881 2432 Charonis
901 2373 1091 2443 devenerunt,

184 2469 201 2508 a
215 2469 272 2526 quo
286 2460 315 2508 et
328 2460 443 2528 tempus
457 2461 486 2510 et
499 2452 560 2510 dies
574 2463 636 2510 crat
650 2453 743 2511 datus.

144 2531 160 2586 l
222 2528 275 2588 ΙΙΙ.
298 2529 363 2588 Ηοο
378 2529 441 2589 loco
455 2531 525 2589 libet
545 2531 736 2609 interponere,
752 2532 806 2589 etsi
826 2531 992 2607 sejunctum
1006 2531 1044 2589 ab
1061 2549 1092 2590 re

183 2609 324 2686 proposita
346 2618 398 2680 est,
427 2611 518 2668 nimia
545 2610 654 2669 fiducia
675 2621 792 2688 qnantae
814 2611 974 2668 calamitati
1002 2611 1093 2669 soleat

182 2706 257 2745 esse.
290 2687 369 2746 Nam
384 2690 606 2766 magistratuum
621 2689 829 2748 Thebanorum
843 2689 940 2747 statim
954 2689 991 2747 ad
1006 2708 1092 2748 aures

218 2768 321 2839 rvenit,
331 2767 451 2826 exsules
464 2769 494 2826 in
509 2769 611 2826 urbem
623 2768 783 2827 devenisse.
826 2767 858 2827 Id
872 2768 925 2839 illi,
941 2769 1006 2827 vinc
1021 2788 1091 2847 epu·

193 2847 276 2925 isque
290 2847 387 2920 dediti,
403 2866 495 2925 usque
509 2867 544 2906 co
560 2847 762 2925 despexemnt,
778 2859 810 2918 ut
830 2866 868 2905 ne
882 2866 1015 2924 quaerere
1029 2848 1091 2924 qui·

84 2934 127 2953 ’“”“
142 2929 160 2982 2
181 2926 247 2986 dem
261 2928 297 2987 dc
311 2937 391 2986 tanta
406 2946 438 2987 rc
452 2927 617 3008 laborarint.
651 2928 786 2985 Accessit
796 2927 894 2996 etiam,
909 2927 985 3004 quod
999 2927 1093 3004 magis

102 3009 106 3023 ”
181 3009 307 3083 aperiret
330 3027 434 3075 eorum¹
453 2996 638 3065 dementiam.
681 3004 783 3064 Allata
807 3016 850 3064 cst
874 3007 953 3064 enim
973 3006 1092 3082 epistola

181 3085 306 3144 Athenis
327 3087 364 3144 ab
379 3086 501 3157 Archia,
517 3086 743 3164 [hierophanta]
759 3087 810 3144 uni
824 3105 862 3143 ex
885 3085 939 3154 his,
965 3085 1092 3154 Archiae,

181 3164 232 3238 qui
255 3174 318 3221 tum
342 3167 503 3224 maximum
527 3166 729 3245 magistratum
752 3165 863 3224 Thebis
886 3164 1040 3234 obtinebat,
1063 3164 1094 3220 in

201 3258 240 3298 ua
266 3244 364 3300 omnia
387 3243 423 3303 de
451 3243 627 3321 profectione
654 3244 791 3303 exsulum
818 3244 979 3321 perscripta
999 3252 1092 3302 erant.

181 3259 259 3385 {11ae
272 3338 364 3396 quum
379 3321 442 3397 jam
462 3324 618 3381 accubanti
639 3324 669 3381 in
684 3324 816 3382 convivio
829 3334 904 3381 esset
925 3321 1001 3392 data,
1017 3322 1094 3380 sicut

181 3407 244 3456 erat
258 3398 381 3476 signata,
395 3400 449 3456 sub
470 3401 623 3476 pulvinum
637 3403 804 3478 subjiciens,
819 3405 850 3460 in
872 3403 1034 3471 crastinum,
1049 3402 1091 3459 in·

142 3478 158 3528 i
182 3477 253 3554 quit,
275 3475 374 3556 differo
388 3495 435 3535 rea
448 3497 571 3537 scamas.
614 3481 656 3538 At
669 3481 712 3538 illi
725 3500 834 3551 omnes,
850 3498 941 3558 quum
959 3480 1023 3555 jam
1036 3498 1093 3538 nox
1181 3497 1184 3500 ·

182 3556 376 3632 processisset,
391 3556 529 3614 vinolenti
543 3558 580 3615 ab
594 3559 755 3628 exsulibus,
771 3559 846 3618 duce
862 3558 1010 3636 Pelopida,
1026 3568 1093 3617 sunt

170 3632 332 3694 interlecti.
377 3634 495 3704 Quibus
513 3635 601 3695 rebus
622 3635 770 3708 confectis,
786 3638 875 3716 vulgo
896 3636 932 3696 ad
953 3655 1037 3697 arma
1060 3637 1093 3696 li·
