2378 4036
141 237 177 296 14
387 230 430 294 11.
470 238 496 294 1.
532 228 792 311 (mmmm.)

141 379 294 448 ”oluntste
308 396 428 452 eamque
448 387 620 453 potestatem
638 376 766 436 bonitate
778 374 931 436 retinebat.
971 375 1040 436 Oni-

139 475 194 515 nes
208 466 303 513 autem
316 465 346 512 et
358 456 498 513 habentur
511 466 541 514 et
553 455 686 514 dicuntur
697 454 821 531 tyranni,
833 454 884 531 qni
896 464 1040 532 potestate

105 542 118 593 t
141 545 207 592 sunt
219 544 358 610 perpetua
370 534 401 591 in
416 553 452 591 ea
465 534 590 604 civitate,
605 553 668 609 quae
681 534 812 592 libertate
826 552 880 592 usa
893 544 949 591 est.
979 533 1039 593 Sed

140 615 170 671 in
185 611 317 670 Miltiade
329 622 390 669 erat
403 631 490 687 quum
499 631 610 670 summa
622 611 794 682 humanitas,
804 621 865 669 tum
876 610 950 669 mira
963 629 1041 669 com·

140 691 290 760 munitas)⁸
303 700 334 746 ut
347 709 433 747 nemo
451 690 646 765 thtmssis
667 700 756 760 esset,
771 689 819 766 eui
838 707 898 747 non
917 689 955 748 ed
975 708 1039 748 eum

32 810 105 829 ....-.
141 771 234 827 aditus
254 779 383 850 pateret3
404 787 508 844 magne
522 769 676 827 auctoritas
690 768 766 844 apud
781 786 882 826 omnes
897 767 1039 838 civitates,

36 860 41 891 t
140 847 236 905 nobile
249 840 364 917 ndaiien,
378 847 441 904 laus
455 847 499 904 rei
512 847 644 904 militaris
657 847 792 904 maxima.
829 847 902 904 Hoec
916 847 1039 922 populus

140 925 302 1001 respiciens
315 925 416 982 maluit
429 944 495 982 eum
508 926 656 983 innoxium
673 925 772 1001 plecti,
785 942 871 999 quem
884 944 919 983 se
932 924 1038 982 diutius
1083 947 1089 955 ¹

140 1023 208 1061 esse
222 1004 253 1061 in
266 1004 378 1062 timore.

197 1261 260 1336 II.
307 1261 939 1337 THEMISTOCLES.

416 1530 726 1590 ARGUMENTUM.

144 1674 239 1733 OAP.
251 1674 277 1733 Ι.
293 1674 462 1733 Adolescens
471 1674 583 1732 libertus
591 1676 668 1732 vivit.
688 1676 1038 1756 Exheredatrrsreepudl.se

180 1755 263 1813 dedit.
305 1753 349 1812 ΙΙ.
374 1753 478 1811 Clarus
496 1754 638 1832 Corcyreo
652 1765 679 1812 et
696 1753 812 1812 Persico
831 1755 908 1814 belle.
950 1756 1038 1816 Inter·

174 1845 303 1912 pretatur
316 1833 455 1892 oraculum
468 1833 500 1890 de
513 1835 601 1891 murts
621 1834 722 1909 ligne-rs
736 1836 765 1890 in
786 1834 853 1892 dello
872 1833 989 1894 Persico
1005 1836 1038 1895 II

179 1913 217 1970 ed
229 1914 379 1971 servandos
393 1933 484 1971 eorem
498 1915 578 1970 cives.
614 1911 675 1968 III.
700 1913 855 1971 Secundum
864 1915 991 1991 prelium
1004 1915 1039 1973 ed

179 1992 368 2049 Artemisium.
402 1990 430 2047 -Ι
432 1990 466 2046 V.
496 1990 568 2048 Dolo
592 1982 713 2047 Xerxem
737 1993 822 2049 vineit
845 1993 931 2067 jueta
957 1993 1038 2052 Sata-

179 2070 262 2125 mine.
302 2068 336 2124 V.
362 2067 472 2125 callido
481 2070 576 2124 nuntio
586 2067 708 2126 Xerxem
719 2070 826 2147 decipit,
837 2091 889 2146 quo
903 2071 1038 2130 Greeiem

180 2146 285 2202 liberat.
331 2143 383 2202 VI.
405 2144 510 2203 Pireet'
524 2157 635 2222 portum
656 2159 682 2204 et
703 2169 796 2206 muros
809 2151 982 2208 Athenarum
995 2173 1038 2208 ert·

179 2225 273 2281 struit.
313 2223 512 2282 Laeedemertr'i
525 2238 688 2302 repugnent.
728 2227 798 2284 VII.
819 2228 1038 2288 Lecedemonies

179 2313 239 2360 arte
252 2303 365 2373 deludit,
379 2323 475 2380 eosque
487 2305 666 2382 reprehendit.
712 2305 799 2364 VIII.
825 2307 996 2367 Ostraeismo
1010 2310 1037 2367 ie

179 2381 305 2439 exsilium
322 2382 432 2457 ejectus,
446 2385 525 2440 varia
536 2382 616 2461 suga
634 2386 768 2462 agitatur.
809 2385 869 2444 IX.
890 2387 940 2444 Ad
952 2390 1038 2445 Arta·

179 2481 286 2518 xerxem
305 2461 412 2519 litteras
425 2461 474 2519 dat
487 2463 589 2520 salutis
602 2483 696 2520 caesa.
745 2462 787 2521 X.
808 2464 910 2522 Multis
922 2468 1038 2525 muneri·

180 2539 231 2596 bes
244 2539 322 2598 adeo
336 2552 458 2598 errentur.
499 2541 652 2618 Magnesiae
666 2543 789 2600 moritur.

104 2690 115 2742 l
179 2684 203 2742 Ι.
245 2683 469 2754 Themistdeles,
484 2684 591 2742 Nedcli
604 2684 691 2754 filius,
706 2684 906 2742 Atheniensis.
942 2686 1037 2764 Hujus

142 2763 209 2821 titia
219 2762 345 2820 ineuntis
357 2763 560 2820 adolescentie
570 2763 683 2839 magnis
695 2773 761 2820 sunt
771 2762 922 2820 emendata
930 2764 1037 2822 virtuti·

141 2858 202 2912 eus,
214 2841 287 2899 adeo
297 2851 328 2899 ut
339 2841 511 2898 anteferatur
521 2841 588 2898 huic
599 2859 693 2911 nemo,
704 2841 885 2917 paucipares
895 2852 1037 2918 putentur.

100 2927 118 2978 2
141 2921 202 2979 Sed
216 2922 251 2978 ab
265 2920 346 2978 initio
361 2930 406 2977 est
419 2919 596 2977 ordiendum.
626 2920 714 2977 Peter
728 2920 791 2996 ejus
806 2920 936 2976 Neticles
951 2940 1037 2997 gene·

139 3019 222 3057 rosus
237 3000 298 3057 fuit.
329 2999 360 3057 Is
373 3018 492 3057 uxorem
506 2997 707 3055 Acharna'tnam
721 2999 815 3055 civem
828 2997 917 3068 duxit,
933 3017 970 3055 ex
983 3018 1036 3074 qua

139 3094 223 3134 natus
243 3090 288 3135 est
303 3077 530 3135 Themistocles.
573 3075 631 3142 Qui
653 3095 738 3151 quum
759 3076 853 3133 minus
875 3087 956 3133 esset
975 3096 1038 3153 pro·

139 3155 221 3211 batus
235 3157 410 3230 parentibus,
425 3155 501 3231 quod
518 3166 546 3212 et
565 3154 683 3212 liberius
697 3155 821 3224 vivebat,
836 3164 865 3211 et
878 3173 940 3211 rem
958 3155 1039 3212 fami·

103 3233 240 3291 3.liarem
254 3233 429 3308 negligebat,
444 3253 461 3289 a
480 3243 561 3310 patre
581 3233 772 3290 exheredatus
788 3242 842 3289 est.
884 3233 958 3298 Quae
972 3252 1039 3290 con·

140 3309 257 3368 tumelia
276 3328 334 3366 non
353 3310 439 3385 fregit
459 3331 533 3380 eum,
549 3312 602 3368 sed
623 3311 724 3368 erexit.
765 3311 842 3368 Nam
860 3310 945 3385 quum
963 3312 1039 3387 jndi-

139 3396 247 3457 easset,
261 3387 325 3445 sine
341 3405 451 3444 sinnma
468 3387 609 3445 industria
624 3408 683 3446 non
701 3408 789 3464 posse
805 3408 869 3446 eam
883 3388 1039 3465 exstingui,

140 3477 228 3526 totum
240 3484 274 3523 se
288 3464 398 3524 dedidit
412 3465 585 3540 reipublice,
600 3467 765 3542 diligentius
781 3466 882 3523 amicis
901 3464 1038 3544 sanieque

477 3606 549 3654 *Aa
560 3607 667 3655 comites
757 3618 764 3638 ·
