2378 4036
177 238 219 296 66
445 227 533 292 XIV.
557 237 587 291 6.
632 227 816 309 (Datames.)

174 378 268 439 lentur
292 376 330 434 ad
356 393 455 433 eorum
481 375 650 452 perniciem,
676 392 794 449 quorum
817 374 905 432 ductu
930 384 979 433 res·
1002 375 1075 435 mele

174 465 265 534 gestae
277 454 451 512 nuntientur.
492 454 579 512 Illum
591 453 768 530 hoamajore
782 452 864 511 fore
857 472 888 510 111
901 453 1077 545 discrimine,
1115 524 1116 527 Ἰ

174 534 259 610 quod,
272 533 374 608 quibus
389 550 442 590 rex
454 531 579 598 maxime
590 531 714 602 obediat,
725 550 777 589 eos
791 531 918 589 habeat
909 531 1077 591 mimicissi-

136 618 154 672 5
174 631 247 671 mos
288 610 410 669 Talibus
430 611 481 669 ille
501 609 606 669 litteris
621 610 755 686 cognitis,
769 628 855 684 quum
871 611 932 687 jam
944 610 981 668 ad
995 630 1077 669 exer·

175 691 262 750 citum
272 691 356 748 Acen
365 689 496 747 venisset
497 689 589 779 ,quod
602 707 660 746 non
667 689 824 764 ignorabat
834 707 870 746 ea
877 708 946 747 vere
961 690 1082 765 scripta,¹

175 769 343 827 desciscere
365 787 383 825 a
401 786 472 844 rege
487 767 643 825 constituit.
684 767 789 841 Neque
809 777 906 825 tamen
926 767 1078 842 quicquam

136 851 154 906 b
175 848 254 917 lecit,
268 848 343 921 quod
356 847 412 904 fide
428 859 480 904 sua
494 855 575 904 esset
588 845 745 936 indignum.
787 845 864 903 Nam
873 845 1077 934 Mandroclem

174 890 341 1002 Maghetem
355 925 495 982 exercitui
507 924 654 1001 praefecit3
679 925 742 1000 ipse
757 942 823 980 aum
836 923 897 981 suis
918 923 949 982 in
964 925 1077 1001 Cappa·

174 1005 287 1065 dociam
296 1002 1077 1094 disceditconjunctamquehuioPaphlagoniamoccu·

198 1117 237 1157 ῃ
292 1086 474 1161 petralene,
492 1103 548 1160 qua
561 1085 705 1142 voluntate
722 1095 803 1141 esset
816 1084 846 1141 in
859 1102 973 1160 regem;
1003 1086 1077 1142 clam

174 1178 195 1209 ⁸·
208 1167 232 1208 ⁰·
245 1177 267 1206 ¹¹·
293 1183 359 1222 curn
374 1164 566 1221 Ariobarzane
578 1162 648 1220 facit
661 1162 825 1234 amicitiam,
835 1181 950 1220 manum
963 1182 1076 1240 compa·

173 1254 225 1314 rat,
239 1245 325 1301 urbes
339 1243 463 1300 munitas
477 1241 539 1300 suis
553 1241 675 1299 tuendas
688 1241 783 1300 tradit.

137 1327 150 1381 l
215 1323 269 1381 Vl.
293 1321 353 1379 Sed
366 1321 429 1379 haec
443 1332 560 1397 propter
571 1319 698 1378 hiemale
706 1331 819 1397 tempus
832 1320 928 1378 minus
938 1339 1076 1397 prospere

174 1401 379 1478 procedebant.
419 1399 516 1471 Audit,
531 1399 647 1458 Pisidas
661 1399 798 1474 quasdam
818 1399 918 1476 copias
939 1400 1076 1459 adversus

174 1498 333 1556 separare.
376 1479 483 1537 Filium
507 1480 550 1536 eo
563 1477 717 1536 Arsideum
740 1497 807 1536 cum
830 1478 959 1537 exercitu
982 1479 1076 1537 mittit.

175 1559 262 1617 Cadit
274 1559 305 1617 in
324 1557 426 1634 proelio
440 1558 623 1615 adolescens.
665 1557 862 1616 Proficiscitur
876 1575 912 1615 eo
924 1568 1006 1633 pater
1018 1577 1075 1616 non

174 1637 215 1696 ita
228 1657 294 1695 cum
306 1656 411 1713 magna
423 1656 518 1707 manu,
528 1637 638 1707 celans,
646 1647 780 1711 quantum
787 1637 891 1694 vulnus
903 1637 1076 1712 accepisset,

173 1717 250 1793 quod
270 1717 349 1793 prius
365 1716 401 1774 ad
424 1715 539 1774 hostem
557 1716 709 1792 pervenire
731 1714 873 1791 cupiebat,
886 1733 971 1790 quam
994 1715 1076 1774 dere

173 1797 250 1854 male
273 1806 356 1872 gesta
380 1795 455 1853 sama
475 1794 512 1852 ad
536 1813 605 1853 suos
626 1794 798 1870 perveniret,
822 1812 861 1852 ne
886 1793 1002 1870 cognita
1024 1795 1077 1852 filii
1102 1840 1104 1844 ,

134 1881 153 1933 2
174 1885 264 1936 morte
279 1874 366 1932 animi
391 1874 605 1932 debilitarentur
629 1873 774 1931 militum..
802 1872 868 1939 Quo
882 1873 1077 1943 contenderat,

174 1954 315 2030 pervenit,
329 1953 432 2028 hisque
456 1953 531 2010 locis
546 1963 641 2010 castra
659 1951 748 2028 ponit,
762 1962 794 2009 ut
815 1969 909 2026 neque
932 1951 1077 2010 circumiri

174 2032 354 2090 multitudine
376 2031 603 2088 adversariorum
622 2041 732 2108 posset,
745 2049 839 2105 neque
859 2030 1002 2100 imsediri,
1022 2049 1077 2105 quo
1165 2103 1169 2110 ι

136 2115 154 2169 3
174 2111 268 2168 minus
284 2110 320 2167 ad
334 2109 527 2177 dimicandum
540 2129 655 2167 manum
668 2109 788 2168 haberet
801 2108 974 2184 expeditam.
1006 2109 1077 2167 Erat

176 2207 241 2246 cum
255 2207 291 2244 eo
310 2173 569 2258 Mithrobarzanes,
583 2207 668 2246 socer
688 2189 761 2265 ejus,
774 2187 927 2264 praefectos
942 2188 1076 2262 equitum.

174 2267 216 2337 Is,
235 2266 396 2341 desperatis
419 2266 520 2342 generi
541 2268 636 2357 rebus,
659 2267 696 2325 ad
718 2267 826 2326 hostes
839 2264 1000 2354 transfugit.
1044 2267 1077 2324 ld

160 2345 314 2404 Datames
339 2355 369 2401 ut
392 2345 510 2415 audivit,
532 2346 634 2416 sensit,
655 2346 682 2403 si
706 2345 737 2404 in
759 2347 870 2403 turbam
894 2344 1014 2416 exisset,
1042 2347 1077 2403 ab

174 2423 291 2482 homine
315 2433 374 2480 tam
387 2425 556 2482 necessario
577 2443 610 2483 se
632 2425 774 2494 relictum,
788 2423 910 2482 futurum
934 2435 966 2481 ut
987 2423 1077 2482 ceteri

135 2508 154 2561 4
175 2502 328 2561 consilium
336 2513 531 2577 sequerentur
553 2503 698 2579 Invulgus
708 2503 781 2561 edit
803 2521 857 2560 suo
865 2521 945 2562 iussu
956 2503 1078 2561 Mrthro·

173 2583 327 2639 barzanem
349 2581 508 2657 profectum
531 2601 583 2658 pro
602 2581 732 2658 perfuga,
745 2600 801 2656 quo
814 2569 929 2639 facilius
942 2593 1077 2658 receptus

174 2659 350 2718 interficeret
369 2659 480 2717 hostes.
522 2661 620 2750 Quare
633 2659 757 2735 relinqui
771 2679 838 2718 eum
849 2678 908 2717 non
927 2678 980 2736 pat
1000 2675 1078 2730 esse,

175 2749 205 2797 et
217 2757 318 2796 omnes
334 2737 487 2795 confestim
500 2739 592 2813 sequi.
615 2739 738 2806 Quod'
714 2758 740 2796 ar
754 2739 849 2796 animo
863 2749 980 2796 strenuo
990 2738 1077 2796 secis-

174 2827 249 2889 eent,
264 2816 395 2887 futurum,
408 2826 440 2874 ut
451 2816 610 2875 adversarii
624 2836 682 2875 non
695 2827 815 2893 possent
831 2815 978 2883 resistere,
993 2837 1078 2892 quum

135 2901 154 2955 5
175 2907 205 2956 et
227 2896 302 2955 intra
315 2895 422 2954 vallum
442 2905 472 2952 et
496 2894 566 2953 foris
587 2895 775 2953 cederentur.
818 2895 884 2954 Hac
898 2913 930 2953 re
951 2896 1078 2971 probata,

174 2975 334 3034 exercitum
363 2974 469 3045 educit,
500 2973 762 3032 Mithrobarzanem
789 2973 990 3051 persequiturt
1016 2975 1078 3050 ,qui

173 3064 281 3113 tantum
291 3053 366 3129 quod
380 3053 417 3112 ad
429 3053 530 3111 hostes
544 3063 723 3129 pervenerat,
732 3053 871 3125 Datames
886 3052 1078 3129 signainferri

95 3201 97 3206 1
135 3131 262 3209 bjubet.
314 3133 431 3202 Pisl‘dae,
453 3150 528 3189 nora
548 3150 580 3190 re
595 3131 738 3202 commoti,
752 3131 783 3189 in
804 3131 971 3208 opinionem
991 3131 1079 3189 addu-

175 3220 285 3280 cuntur,
309 3210 445 3286 perfugas
472 3211 549 3269 mala
574 3210 632 3268 fide
660 3210 875 3287 compositoque
902 3209 1023 3280 fecisse,
1049 3221 1078 3268 ut

173 3287 284 3363 recepti
300 3300 400 3344 essent
417 3289 518 3366 majori
532 3289 697 3347 calamitati.
738 3288 866 3347 Primum
879 3306 931 3346 eos
946 3288 1079 3346 adoriun-

173 3375 229 3423 tur.
269 3364 316 3422 Illi
339 3384 434 3438 quum,
447 3367 516 3440 quid
536 3378 677 3442 ageretur,
692 3377 740 3425 aut
759 3385 846 3443 quare
860 3368 952 3437 fieret,
966 3367 1080 3442 ignora·

173 3453 247 3514 rent,
262 3443 356 3501 costati
370 3453 445 3513 sunt,
459 3463 526 3501 cum
539 3446 583 3501 eis
603 3465 742 3522 pugnare,
756 3445 794 3503 ad
806 3464 878 3520 quos
898 3445 1079 3516 transierant,

175 3523 211 3581 ab
230 3522 334 3597 hisque
348 3531 435 3590 stare,
449 3540 520 3594 quoa
535 3522 717 3597 reliquerant.
760 3524 872 3596 Quibus
886 3541 973 3599 quum
985 3534 1078 3582 neutri

134 3604 155 3658 7
166 3611 335 3677 parcerent,
344 3599 479 3657 celeriter
491 3610 558 3656 sunt
567 3601 688 3674 concisi.
711 3601 851 3676 Reliquos
866 3601 1069 3660 Pisidasresis
