2378 4036
167 242 226 302 1⁰6
269 234 378 302 XXV.
414 243 586 313 tc‚1r,18.
626 235 678 319 (T.
690 236 1003 320 Pomponiittrour.)

160 390 207 462 rii,
222 389 278 468 Q.]
299 388 456 460 Hortensii,
478 387 551 447 Auli
576 389 727 466 Torquati,
749 389 906 449 multorum
927 401 1066 468 praetcree

25 431 56 555 4,
89 435 123 519 l*
159 469 289 547 equitum
304 468 501 526 Romanorum
515 468 630 544 negotia
641 478 820 545 PQI·
861 468 909 526 Ex
922 488 980 545 quo
990 469 1064 544 judi-

159 547 222 607 cari
240 555 360 623 poteret,
374 564 431 604 non
453 546 568 615 inertia,
582 545 633 604 sed
651 545 763 622 judicio
777 545 885 624 fugisse
900 548 1064 624 reipublicae

159 627 401 704 procurationem.

124 704 137 758 l
199 703 281 763 XVI.
303 703 501 762 Humanitatis
521 720 590 761 vero
607 702 722 761 nullum
746 703 849 761 afferre
872 704 968 779 majus
988 705 1062 763 testi·

159 783 287 842 rnonium
301 799 426 860 possum,
435 799 524 858 quem
538 781 613 858 quod
628 781 796 843 adolescens
811 781 888 839 idem
898 784 959 840 seni
974 783 1064 841 Sullae
1082 814 1084 821 ,

130 860 246 947 Qii
257 861 496 937 jucundissimus,
511 878 600 919 senex
615 860 790 918 adolescenti
808 860 849 918 M.
864 860 973 934 Bru't03
996 880 1064 919 cum

157 941 320 1017 aequelibus
333 949 430 998 antem
440 941 514 1010 suis,
530 939 569 1005 Q.
584 939 737 998 Hortensio
751 949 779 998 et
800 938 841 996 M.
857 939 1007 1010 Cicerone,
1023 941 1064 998 sio

157 1020 270 1088 vixerit,
282 1018 468 1097 ogjudicure
488 1017 606 1076 difficile
620 1019 666 1086 sit,
681 1018 731 1076 cui
745 1018 822 1076 oetati
845 1017 933 1076 fuerit
953 1021 1064 1095 aptissi-

118 1098 137 1151 2
157 1116 232 1156 mus.
275 1097 462 1174 Quamquam
477 1115 545 1154 eum
560 1097 705 1174 praecipue
720 1097 820 1155 dilexit
840 1096 953 1166 Cicero,
974 1108 1005 1155 ut
1027 1117 1063 1156 ue

158 1176 248 1235 frater
260 1176 378 1253 quidem
392 1177 420 1234 ei
441 1175 574 1241 ,Quintus
593 1177 688 1233 carior
710 1174 796 1233 fuerit
810 1185 861 1233 eut
885 1165 1063 1234 familiiiior.

118 1255 136 1308 3
157 1256 196 1314 Ei
217 1257 260 1314 rei
279 1265 347 1313 sunt
366 1254 481 1325 iudicio,
497 1264 601 1331 praeter
621 1273 672 1312 eos
690 1238 840 1325 limo-{sin
859 1255 966 1330 quibus
979 1255 1014 1312 de
1030 1276 1063 1314 eo

124 1337 127 1344 '
157 1333 226 1393 facit
246 1333 429 1403 mentionem,
450 1333 501 1408 qui
521 1333 551 1390 in
565 1332 673 1410 vulgus
694 1333 786 1410 [jam]
809 1343 878 1392 sunt
901 1333 978 1404 editi,
1000 1353 1062 1392 sex-

156 1413 250 1472 decIm
264 1413 414 1471 volumius
435 1411 630 1489 epistolarum,
652 1412 688 1469 eb
709 1412 861 1470 consulatu
885 1412 950 1488 ejus
972 1431 1063 1488 usque

156 1491 194 1550 od
213 1501 378 1550 extremum
397 1500 512 1568 tempus
525 1490 562 1548 ed
584 1491 717 1548 Atticum
731 1491 901 1548 missarum:
922 1509 988 1567 quae
1012 1492 1062 1567 qui

156 1569 243 1648 leget,
254 1589 309 1628 non
323 1569 449 1627 multum
457 1569 599 1627 desideret
612 1569 760 1627 historiam
769 1579 931 1628 contextam
945 1569 1066 1627 illorum

117 1648 136 1701 4
156 1658 328 1726 temporum.
362 1649 414 1718 Sic
428 1649 506 1705 enlm
520 1648 618 1704 omnia
632 1647 668 1705 de
682 1647 783 1705 studiis
797 1649 969 1724 principum,
984 1649 1062 1706 vitiis

156 1728 275 1798 ducum,
285 1727 489 1786 mutationibus
508 1727 676 1802 reipublicae
691 1729 848 1803 perscrIpta
858 1735 978 1798 suntut
989 1727 1059 1784 nihil

155 1807 186 1866 in
206 1808 243 1867 iis
256 1825 313 1865 non
328 1816 475 1884 appareat,
494 1815 522 1864 et
543 1804 631 1864 facile
645 1807 805 1893 eigistimari
825 1807 922 1882 possit,
940 1806 1062 1883 pruden-

155 1886 226 1945 tIsrn
239 1885 449 1963 quodammodo
462 1904 526 1943 esse
539 1884 755 1942 divinationem.
788 1883 861 1942 Non.
870 1885 948 1942 enirn
959 1884 1062 1943 Cicero

155 1984 192 2024 ee
211 1965 395 2042 solumque
408 1964 474 2021 vivo
495 1982 527 2021 se
541 1961 718 2033 acciderunt,
734 1962 833 2021 futura
856 1963 996 2040 praedixit,
1011 1963 1061 2022 sed

155 2044 253 2113 etiam
267 2062 333 2118 quae
346 2061 425 2101 nuno
440 2061 497 2099 usu
511 2041 639 2112 veniunt,
654 2042 769 2112 cecinit,
786 2051 818 2100 ut
831 2051 921 2099 vates.
971 2043 974 2048 ’

118 2121 132 2173 I
196 2120 292 2180 XVII.
314 2120 360 2179 De
382 2122 487 2197 pietate
509 2130 606 2177 autern
620 2121 712 2178 Attici
733 2119 804 2197 quid
827 2121 913 2198 plura
935 2139 1061 2178 comme·

155 2199 287 2257 moreml
311 2217 403 2276 quum
417 2198 471 2256 hoc
488 2199 583 2276 ipsum
597 2217 666 2256 vere
686 2199 858 2276 gloriantem
872 2199 1014 2257 audierim
1032 2199 1060 2256 in

156 2277 258 2335 funere
280 2277 380 2335 matris
403 2294 473 2347 suae,
495 2295 584 2354 quam
604 2277 708 2335 extulit
731 2296 872 2336 annornm
895 2278 1061 2355 nonagims,

154 2373 246 2432 quum
259 2364 334 2414 esset
353 2364 462 2432 septem
483 2365 512 2414 et
524 2357 685 2434 sexaginta,
699 2375 731 2414 se
744 2375 906 2434 numquam
919 2375 987 2415 cum
1002 2375 1061 2414 ma·
1121 2355 1123 2360 '

155 2445 200 2493 tre
219 2433 390 2510 ingratiam
409 2433 525 2505 redisse,
544 2452 786 2512 numquamcum
807 2453 904 2493 sorore
919 2434 1008 2494 fnisse
1030 2435 1061 2492 in

118 2512 135 2565 2
155 2512 310 2583 simultate,
334 2531 423 2590 quam
446 2531 534 2590 prope
558 2514 701 2591 aequalem
724 2513 857 2572 habebat.
912 2513 999 2580 Quod
1018 2523 1062 2571 est

154 2591 279 2669 signnm,
295 2601 345 2649 aut
365 2590 477 2649 nullam
491 2610 630 2670 umquam
644 2593 718 2650 iuter
731 2611 782 2650 eos
794 2593 1004 2668 querimoniam
1017 2592 1059 2649 iu-

154 2670 329 2740 tercessisse,
345 2679 395 2728 ant
415 2670 495 2729 hunc
519 2691 555 2729 ea
579 2670 668 2729 fuisse
682 2672 713 2728 in
731 2689 800 2729 suos
813 2671 1002 2748 indulgentis,
1019 2680 1059 2739 ut,

117 2747 135 2801 8
154 2767 227 2886 pnes
240 2767 338 2807 amare
352 2748 477 2820 deberet,
492 2750 579 2808 irasci
590 2751 632 2808 eis
645 2749 728 2808 nefas
741 2749 870 2808 duceret.
912 2749 1018 2826 Neque
1032 2749 1059 2806 id

167 2828 224 2886 ecit
237 2837 342 2887 natura
355 2827 458 2897 solnm,
473 2846 651 2904 quamquam
673 2847 772 2886 omnes
794 2830 822 2887 ei
842 2847 989 2907 paremus,
1010 2828 1060 2886 sed

155 2907 242 2966 etiam
256 2907 397 2966 doctrina.
439 2906 518 2964 Nam
532 2916 561 2964 et
582 2907 746 2985 principum
770 2907 1002 2985 philosophorum
1016 2908 1073 2978 ite,

40 2994 97 3075 4
155 2997 291 3065 percepta
303 2987 404 3045 habuit
422 2995 575 3064 precepta,
590 2986 672 3071 Qiis
686 2985 722 3044 nd
736 2987 825 3044 vitam
838 2985 990 3063 agendam,
1004 3004 1060 3043 non

156 3065 190 3123 nd
204 3066 430 3136 ostentationem,
445 3074 585 3123 uteretur.

117 3145 132 3198 1
196 3143 306 3203 XVIII.
330 3144 419 3203 Moris
439 3126 690 3220 effimsjorum
703 3162 835 3201 summus
857 3143 983 3200 imitator
1006 3140 1060 3198 suit

156 3221 390 3299 antIquitetisque
414 3233 540 3282 amator:
574 3240 663 3300 quam
690 3221 761 3281 adeo
784 3220 937 3298 diligenter
959 3220 1060 3278 habuit

9 3327 103 3359 κ-
155 3300 311 3375 cognitam,
320 3311 442 3378 nteam
456 3311 543 3360 totum
563 3301 594 3358 in
608 3320 643 3359 eo
656 3291 802 3369 volumine
816 3299 990 3385 affixerit,
1003 3317 1061 3374 quo

118 3379 136 3433 2
156 3376 343 3452 magistratus
355 3380 478 3437 emovit.
510 3378 604 3437 Nulla
617 3381 695 3437 enim
708 3379 765 3449 lex,
780 3396 874 3455 neque
888 3397 954 3456 pax,
966 3396 1062 3454 neque

83 3514 93 3533 ,
156 3454 275 3525 bellum,
289 3473 384 3532 neque
398 3475 445 3513 res
468 3457 590 3515 illustris
602 3467 646 3514 est
665 3457 762 3534 populi
778 3457 911 3528 Romani,
925 3476 993 3534 quae
1005 3474 1062 3516 uon

156 3533 187 3591 iu
200 3552 236 3592 eo
248 3552 302 3592 suo
314 3543 442 3610 temporo
456 3535 494 3592 sit
506 3544 618 3593 notata:
638 3545 675 3607 et,
690 3535 767 3612 quod
780 3535 984 3593 difficillimum
999 3534 1061 3604 fuit,

152 3611 400 3687 &familiarum
413 3612 555 3689 originem
569 3612 725 3714 sQuit,
746 3623 836 3673 ut.ex
858 3632 892 3672 eo
916 3615 1062 3674 clarorum
