2378 4036
381 759 800 847 PRAEFATIO.

480 999 714 1019 —-—

422 1170 742 1274 ‘ARGUMENTUM

135 1336 238 1397 Amor
250 1340 394 1413 seripurroe
403 1359 504 1417 genus,
518 1359 572 1418 quo
584 1361 655 1401 usur
667 1353 717 1417 ert,
731 1354 758 1405 et
770 1365 873 1421 rerum,
887 1368 959 1426 quoe
969 1368 1035 1427 per-

168 1439 281 1490 secutus
293 1439 343 1501 ert,
359 1431 494 1492 mitatem
511 1445 625 1494 mot
639 1455 744 1501 monem
759 1437 920 1500 &oroneo
936 1450 963 1501 et
974 1441 1034 1502 Ro·

168 1527 311 1568 munorum
324 1511 493 1572 divom.

168 1676 192 1736 1.
215 1677 289 1738 Non
304 1678 411 1752 dubito,
427 1680 488 1740 fore
504 1683 667 1760 plerosque,
683 1687 792 1757 Attice,
806 1687 858 1763 qui
871 1687 927 1747 hoo
939 1706 1036 1767 genus
1055 1694 1069 1750 i

130 1782 281 1859 seripmrae
294 1783 359 1842 leve
373 1794 402 1843 et
415 1804 472 1844 non
489 1787 559 1845 setis
572 1787 694 1866 dignum
711 1793 892 1849 summorum
905 1792 1035 1852 virorum

129 1887 258 1963 personis
271 1887 413 1964 judicent,
428 1909 519 1967 quum
538 1892 663 1950 relatum
680 1892 787 1971 legent,
805 1894 873 1971 quis
890 1895 1034 1954 musicem

129 1989 260 2050 docuerit
273 1992 524 2070 Epaminondam
546 2006 597 2056 eut
611 1997 642 2055 in
658 1997 725 2075 ejus
738 1999 895 2060 virtutibus
908 2019 1034 2062 eorume-

123 2095 239 2166 moreri,
254 2095 379 2154 saltasse
402 2115 469 2154 enm
491 2097 641 2156 commode
661 2097 846 2174 scienterque
866 2095 946 2155 tibiis
965 2115 1034 2156 enn-

123 2208 213 2258 tesse.
268 2200 330 2258 Sed
356 2199 388 2259 hi
417 2211 501 2259 erunt
527 2201 599 2272 iere,
625 2201 683 2277 qui,
711 2211 847 2279 expertes
874 2201 1071 2261 litterarumd

125 2305 303 2376 Graecerum‚
327 2304 401 2364 nihil
425 2316 545 2376 rectum,
569 2305 628 2364 nisi
651 2306 727 2381 quod
753 2306 883 2382 ipsorum
905 2305 1033 2365 moribus

123 2410 292 2481 conveniat,
305 2412 453 2486 putabunt.
478 2410 521 2469 Hi
535 2411 562 2468 si
575 2410 739 2482 didicerint,
752 2429 811 2469 non
825 2411 929 2469 eedem
942 2411 1033 2469 omni·
1053 2415 1085 2468 3.

120 2516 177 2572 bue
192 2533 261 2572 esse
275 2513 400 2572 honeste
414 2525 498 2590 etque
508 2515 611 2591 turpia,
623 2515 677 2572 sed
690 2515 787 2574 omnia
799 2516 939 2592 majorum
952 2515 1034 2573 insti·

122 2618 194 2677 tutis
205 2618 342 2696 judicari,
355 2637 415 2676 non
428 2619 650 2690 admirebuntur,
663 2637 718 2677 nos
734 2617 766 2676 in
781 2619 933 2677 Greiomm
946 2619 1034 2677 uirtu-

121 2724 201 2781 tibus
223 2723 405 2799 exponendis
425 2741 522 2781 mores
544 2742 643 2782 eorum
662 2733 790 2782 secutos.
831 2723 937 2798 Neque
955 2723 1071 2782 enimi

123 2826 243 2886 Cimoni
263 2825 317 2884 fuit
336 2837 429 2903 turpe,
446 2826 671 2886 Atheniensium
691 2846 802 2886 summo
817 2828 891 2898 viro,
905 2845 1034 2884 sororem

122 2950 292 3008 germanum
310 2929 419 2989 hebere
440 2931 471 2989 in
490 2931 688 2990 matrimonio:
717 2932 823 3007 qnippe
844 2949 931 3004 quum
952 2929 1033 2988 cives

122 3038 189 3113 ejus
213 3034 317 3092 eodem
337 3046 486 3094 uterentur
503 3035 643 3094 instituto.
684 3037 723 3093 At
743 3035 773 3092 id
791 3033 908 3109 quidem
925 3034 1033 3093 nostris

123 3139 252 3199 moribus
262 3139 346 3198 nefas
360 3139 491 3200 hebetur.
512 3142 631 3218 Magnis
643 3141 674 3198 in
686 3140 819 3199 leudibus
830 3145 890 3198 toti
902 3139 964 3199 fere
979 3139 1034 3199 fuit
1053 3145 1072 3197 5

125 3244 565 3323 Graecii,vietorem01ympioe
580 3245 681 3316 citeri3
702 3245 734 3303 in
749 3264 868 3304 scenam
881 3264 951 3304 vero
968 3263 1034 3322 pro-

123 3349 189 3409 dire
204 3359 234 3408 et
249 3349 356 3427 populo
371 3369 439 3409 esse
454 3352 632 3427 spectaculo,
645 3350 755 3408 nemini
770 3351 800 3408 in
815 3351 928 3409 eisdem
941 3349 1034 3426 genti·

103 3428 180 3514 'bus
208 3454 261 3514 fuit
285 3454 463 3532 turpitudini.
520 3455 592 3522 Que
620 3455 718 3512 omnis
745 3455 821 3531 epud
847 3473 902 3513 nos
930 3452 1033 3529 partim
1086 3455 1087 3458 ’
