2378 4036
265 239 373 307 XXV.
417 248 469 306 22.
517 240 942 328 (nrompcntosttmcm.
999 250 1060 310 109

149 395 259 454 enodes
267 403 333 470 pcto
342 397 474 470 primum
485 405 517 454 ct
530 397 675 454 concilim
684 396 807 472 probetis
816 416 905 456 mcum
947 402 1056 472 mindo,

89 531 92 538 .
148 472 309 552 nefrustra
321 475 491 533 dehortando
504 477 648 534 conemini.

188 553 285 613 XXII.
307 551 374 611 Hac
388 554 517 611 cretione
537 554 635 611 habite
656 562 735 612 tenta
749 557 909 612 constantia
927 557 1003 616 cocis
1017 568 1057 618 st·
1080 565 1093 619 1

29 653 86 783 *l*
148 649 206 708 que
219 633 328 702 vultus,
341 641 445 721 Quen
459 650 496 689 ex
511 633 580 703 vita,
594 632 645 690 sed
659 617 793 690 erBmo
806 635 837 690 in
850 634 967 692 domum
980 636 1057 696 vide·

148 721 229 771 retur
242 713 381 789 migrare,
421 729 461 768 uu
552 711 627 769 idem
643 712 774 788 Agrippa
789 731 856 769 eum
877 713 950 772 flens
970 698 1057 792 affl

136 769 283 849 Fsc'Trlatm
295 799 392 848 oraret
406 801 493 866 etque
506 791 680 860 obsecraret,
694 809 731 848 ne
747 790 782 847 ad
804 791 842 861 id,
857 792 933 867 quod
950 803 1056 853 ustura
1076 800 1094 853 2

146 880 272 946 cogeret,
286 869 348 945 ipse
369 888 484 945 quoque
505 870 560 927 sibi
581 869 769 938 acceleraret,
784 878 820 938 et,
836 871 972 944 quonism
992 881 1055 931 tum

145 965 259 1025 quoque
274 957 368 1026 posset
382 949 558 1024 temporibus
576 966 736 1024 superesse,
751 967 783 1005 se
796 949 851 1005 sibi
873 951 991 1026 suisque
1011 969 1054 1010 re·
1099 973 1101 977 ’

145 1037 283 1097 servaret,
293 1044 394 1103 preces
408 1026 473 1102 ejus
486 1028 630 1085 taciturna
644 1045 697 1084 sus
708 1027 895 1085 obstinatione
904 1029 1053 1105 depressit.

144 1104 194 1164 Sic
208 1124 301 1182 quum
316 1105 436 1163 biduum
454 1106 520 1164 cibo
534 1125 565 1163 se
581 1105 774 1174 abstinuisset,
789 1105 883 1164 subito
904 1106 993 1165 febris
1006 1109 1053 1167 de·
1074 1114 1093 1168 8

144 1185 243 1256 cessitJ
256 1185 404 1260 leviorque
419 1185 536 1242 morbus
548 1204 611 1242 esse
626 1185 724 1262 coepit.
751 1183 865 1242 Tamen
879 1187 1054 1262 propositum

143 1263 232 1330 nihilo
245 1265 343 1323 secius
357 1264 478 1341 peregit.
521 1263 622 1339 ltaque
643 1262 690 1321 die
703 1263 804 1340 quinto
827 1275 897 1339 post,
912 1283 1001 1340 quam
1024 1266 1053 1325 id

143 1343 297 1400 consilium
310 1343 425 1419 inierat,
440 1343 531 1418 pridie
546 1342 691 1400 calendas
705 1342 833 1418 Apriles,
847 1342 902 1400 Cn.
917 1342 1052 1417 Domitio,

143 1419 176 1479 C.
192 1421 274 1480 Sosio
288 1421 369 1480 Coss.
386 1420 519 1480 decessit.
561 1421 666 1479 Elatus
680 1432 724 1479 est
740 1423 770 1478 in
785 1421 930 1492 lecticulo,
946 1433 978 1480 ut
991 1424 1052 1501 ipse
1072 1430 1090 1485 4

142 1502 366 1578 praescripserat,
391 1501 455 1558 sine
485 1500 545 1558 ulls
572 1520 675 1577 pompa
700 1499 821 1570 funeris,
849 1503 1052 1562 comitantibus

142 1581 275 1638 omnibus
289 1581 379 1650 bonis,
395 1580 522 1637 maxime
536 1580 619 1656 vulgi
644 1579 816 1656 frequentis.
858 1579 996 1656 Sepultus
1009 1592 1053 1640 est

139 1657 224 1734 juxta
238 1660 317 1717 viam
332 1658 469 1736 Appiam,
480 1658 516 1716 nd
530 1659 664 1736 quintum
678 1657 813 1717 lapidem.
823 1657 854 1714 in
868 1669 1053 1718 monumento

142 1735 181 1804 Q.
196 1736 318 1809 Caecilii,
334 1738 475 1796 avunculi
489 1739 546 1796 sui.
594 1819 632 1874 lo
