2378 4036
368 251 456 315 XIV.
479 259 509 326 t,
527 262 555 314 5.
600 253 787 333 (Datames.)
985 261 1027 319 bb

127 401 228 480 jussit'
261 401 370 459 Postea
383 417 550 475 veroquam
571 399 789 458 Pharnabazum
805 418 858 458 rex
871 400 1030 472 revocavit,

128 481 170 540 illi
183 498 294 538 summa
308 479 422 554 imperii
435 479 538 537 tradita
550 488 604 535 est.

165 559 219 618 IV.
261 558 321 616 Hic
332 575 418 632 quum
430 558 555 615 maximo
566 557 660 614 studio
671 568 849 634 compararet
862 557 1030 630 exercitum,
1052 561 1065 619 l

130 637 341 714 AEgyptumque
365 636 512 711 proticisci
534 645 657 712 pararet,
682 637 775 694 subito
800 655 818 693 a
838 655 907 712 rege
927 637 1029 696 litterae

59 725 62 727 “
127 727 193 774 sunt
211 716 240 773 ei
260 716 368 784 missae,
381 724 413 770 ut
434 713 537 790 Aspim
556 714 769 790 aggrederetur,
789 715 838 789 qui
860 713 1029 774 Cataoniam

128 796 259 852 tenebat:
281 812 345 868 quae
359 811 432 868 gens
449 793 531 870 jacet
550 811 636 867 supra
651 793 796 863 Ciliciam,
810 793 932 850 confinis
954 794 1030 870 Cap·

128 873 265 950 padociae.
296 871 428 944 Namque
443 871 542 946 Aspis,
553 871 709 928 saltuosam
723 872 872 947 regionem
887 872 1029 931 castellis·
1048 877 1068 932 2

127 970 181 1026 que
204 950 343 1008 munitam
366 949 508 1020 incolens,
531 968 590 1026 non
610 950 703 1007 solum
726 949 848 1026 imperio
869 949 948 1026 regis
971 969 1030 1010 non

128 1032 252 1107 parebat,
267 1029 320 1087 sed
344 1027 432 1086 etiam
451 1027 586 1085 finitimas
599 1028 735 1104 regiones
749 1029 880 1099 vexabat,
905 1041 943 1099 et,
967 1048 1030 1106 quae

128 1109 189 1185 tagi
202 1118 389 1186 portarentur,
399 1107 565 1183 abripiebat.
597 1107 747 1177 Datames,
761 1107 818 1165 etsi
830 1108 917 1184 longe
932 1111 1030 1168 aberat
1050 1112 1067 1168 3

127 1189 161 1245 ab
180 1189 228 1247 his
242 1187 418 1263 regionibus,
438 1197 468 1244 et
490 1187 628 1263 amajore
649 1205 680 1245 re
695 1185 920 1257 abstrahebatur,
933 1197 1031 1247 tamen

126 1268 204 1344 regis
217 1265 356 1324 voluntati
379 1282 488 1322 morem
511 1265 668 1341 gerendum
690 1266 808 1342 putavit.
849 1266 949 1342 Itaque
963 1285 1030 1326 cum

125 1346 236 1423 paucis,
250 1344 304 1402 sed
316 1344 389 1401 viris
407 1343 525 1402 fortibus
539 1363 644 1402 navem
657 1345 835 1415 conscendit,
850 1344 1029 1417 existimans,

126 1425 156 1482 id
176 1424 252 1499 quod
273 1423 389 1493 accidit,
411 1423 526 1481 facilius
551 1442 585 1481 se
609 1423 817 1500 imprudentem
836 1442 924 1500 parva
943 1443 1029 1484 manu

126 1520 337 1579 oppressurum,
360 1521 445 1576 quam
467 1511 596 1578 paratum
617 1502 745 1577 quamvis
769 1521 874 1580 magno
888 1503 1027 1562 exercitu.

126 1582 191 1640 Hac
206 1581 318 1639 delatus
337 1581 367 1638 in
382 1581 527 1651 Ciliciam,
542 1599 678 1656 egressus
698 1581 776 1652 inde,
790 1582 855 1639 dies
869 1594 1027 1658 noctesque
1048 1587 1067 1640 d

125 1661 178 1717 iter
191 1660 314 1729 faciens,
322 1660 449 1717 Taurum
462 1660 583 1729 transiit,
592 1678 694 1734 coque,
702 1678 757 1734 quo
771 1661 926 1729 studuerat,
934 1661 1027 1730 venit3

125 1739 233 1813 quaerit,
246 1739 348 1813 quibus
372 1739 446 1796 locis
461 1739 499 1796 sit
523 1738 632 1814 Aspis3
662 1739 820 1813 cognoscit,
841 1738 919 1795 haud
941 1739 1028 1814 longe

125 1816 462 1893 abesse,profectumque
477 1835 544 1874 eum
553 1827 696 1874 venatum.
739 1817 835 1883 Quem
848 1817 915 1873 dum
925 1835 1029 1892 specu·

125 1897 208 1966 latur,
221 1895 362 1953 adventus
374 1897 437 1972 ejus
451 1915 540 1953 cansa
555 1894 747 1971 cognoscitur.
770 1895 887 1953 PisIdas
902 1913 968 1951 cum
981 1894 1029 1965 iis,

124 1993 196 2049 quos
210 1993 312 2032 secum
335 1973 467 2045 habebat,
482 1975 518 2032 ad
541 1974 735 2032 resistendum
759 1973 848 2050 Aspis
874 1984 1027 2049 comparat.

126 2054 160 2111 ld
174 2053 313 2112 Datames
321 2052 371 2110 ubi
385 2053 504 2124 audivit,
513 2071 591 2110 arma
599 2053 694 2122 smnit,
703 2071 828 2128 suosque
838 2051 920 2126 sequi
931 2053 1027 2129 jubet;
1049 2058 1067 2111 5

125 2131 189 2208 ipse
213 2150 286 2206 equo
301 2131 444 2189 concitato
459 2132 496 2189 ad
516 2131 631 2189 hostem
644 2131 766 2190 vehitur.
810 2131 906 2198 Quem
928 2131 1029 2208 procul

125 2210 214 2288 Aspis
229 2210 415 2286 conspiciens
430 2210 467 2269 ad
478 2230 513 2269 se
537 2210 678 2268 ferentem
698 2211 887 2287 pertimescit,
902 2221 985 2285 atque
1010 2229 1028 2268 s

125 2300 228 2346 conatu
241 2288 398 2347 resistendi
411 2289 564 2347 deterritus
579 2309 647 2347 sese
662 2289 751 2347 dedit.
786 2289 873 2348 Hunc
889 2289 1028 2348 Datames

124 2368 251 2425 vinctum
263 2367 302 2425 ad
314 2386 415 2444 regem
428 2368 590 2426 ducendum
602 2368 688 2425 tradit
701 2367 870 2426 Mithridati.

163 2444 201 2505 V.
242 2446 317 2505 Haec
338 2446 406 2505 dm
425 2457 568 2522 gerrmtur,
583 2447 768 2516 Artaxerxes,
788 2446 990 2518 reminiscens,
1011 2465 1029 2504 a
1051 2452 1064 2506 l

123 2536 228 2600 quanto
250 2525 327 2582 bello
351 2524 388 2582 ad
411 2543 495 2599 quam
518 2543 635 2600 parvam
654 2544 715 2582 rem
736 2524 898 2601 principem
923 2525 1029 2583 ducum

123 2605 263 2674 misisset,
276 2622 310 2661 se
336 2622 398 2679 ipse
416 2602 610 2679 reprehendit,
625 2614 655 2661 et
677 2604 806 2661 nuntium
820 2604 857 2662 ad
870 2598 1035 2662 exercitum

124 2684 209 2741 Acen
221 2681 309 2751 misit,
323 2681 399 2756 quod
421 2682 547 2740 nondum
568 2681 719 2739 Datamem
732 2682 891 2758 profectum
903 2684 1027 2759 putabat,

123 2761 171 2836 qui
185 2760 305 2830 diceret,
318 2779 356 2818 ne
371 2761 407 2817 ab
421 2761 550 2818 exercitu
564 2760 738 2818 discederet.
780 2761 850 2832 Hic,
864 2761 1028 2837 priusquam

122 2839 296 2916 perveniret,
309 2857 365 2913 quo
380 2848 441 2896 erat
463 2839 618 2915 profectus,
632 2839 663 2896 in
686 2839 789 2897 itinere
811 2839 955 2907 convenit,
978 2838 1028 2912 qui

122 2917 227 2994 Aspim
240 2918 392 2975 ducebant.
434 2918 501 2985 Qua
514 2917 663 2976 celeritate
686 2937 773 2993 quum
785 2935 919 2992 magnam
938 2918 1027 2973 bene·
1046 2919 1065 2975 2

122 2996 278 3055 volentiam
286 2996 365 3072 regis
381 2995 520 3053 Datames
529 3007 702 3054 consecutus
718 3005 874 3065 essetnon
887 2993 1028 3052 minorem

121 3073 261 3133 invidiam
274 3073 431 3132 aulicorum
441 3075 566 3150 excepit,
575 3075 623 3150 qui
638 3075 718 3132 illum
731 3092 818 3130 unum
828 3072 928 3148 pluris,
942 3090 1028 3146 quam

121 3173 154 3212 se
180 3171 291 3223 omnes,
316 3152 379 3210 fieri
400 3152 544 3210 videbant.
588 3154 654 3220 Quo
679 3152 755 3209 sacto
780 3149 878 3209 cuncti
900 3150 937 3209 ad
961 3169 1028 3210 eum

121 3231 340 3309 opprimendum
354 3243 572 3289 consenserunt.
614 3231 689 3288 Haec
703 3229 859 3300 Pandates,
868 3248 948 3306 gazae
961 3249 1027 3290 cus·
1046 3234 1065 3289 ³

121 3321 165 3368 tos
179 3309 279 3386 regia,
293 3309 404 3368 amiens
420 3309 544 3380 Datami,
558 3308 719 3386 perscripta
733 3308 762 3366 ei
772 3308 865 3380 mittit,
879 3309 1026 3385 inquibus

121 3389 224 3448 docet:
248 3407 315 3446 eum
327 3406 431 3464 magno
445 3387 505 3446 fore
519 3388 659 3464 periculo,
673 3387 781 3462 siquid
801 3387 852 3445 illo
866 3387 1025 3464 imperante

120 3467 151 3526 in
164 3467 296 3544 AEgypto
310 3465 427 3525 adversi
441 3466 608 3524 accidisset.
649 3465 781 3540 Namque
796 3485 861 3524 eam
875 3485 943 3524 esse
958 3468 1063 3523 con-4
1098 3471 1099 3474 ’

120 3545 304 3605 suetudinem
326 3544 446 3622 regiam,
470 3555 502 3602 ut
524 3563 610 3602 casus
631 3543 768 3602 adversos
789 3542 953 3601 hominibus
976 3541 1026 3599 tri·

120 3623 216 3696 want
229 3623 377 3684 secundos
390 3622 509 3682 fortuna
523 3641 600 3686 suto:
622 3639 679 3697 quo
691 3621 765 3690 fieri,
777 3631 809 3679 ut
821 3620 909 3678 facile
923 3618 1025 3696 impel-
