2378 4036
189 279 232 339 46
465 269 507 334 X.
543 278 573 346 9,
593 275 640 333 10.
683 267 807 348 (Dion.)

185 418 426 479 admaturandum
435 418 594 475 concitatus
606 428 660 486 est,
668 434 773 473 verens
791 432 829 470 ne
843 412 923 488 prius
935 411 1086 471 consilium

186 493 343 576 aperiretur
357 515 448 566 suum,
463 515 547 570 quam
561 505 664 553 conata
676 493 860 568 perfecisset.
1147 546 1150 552 ,

149 582 161 638 l
224 576 279 634 IX.
320 575 386 632 Hac
399 584 495 632 mente
508 574 638 650 proximo
652 571 700 630 die
714 571 797 640 sesto,
811 588 897 643 quum
915 589 932 626 a
946 581 1087 629 conventu

206 680 244 720 355
304 673 337 711 se
352 663 491 710 remotum
500 653 577 711 Dion
591 651 672 709 domi·
680 661 802 720 teneret,
811 660 895 723 atque
909 649 941 706 in
954 649 1087 707 conclavi
1167 647 1176 662 ‘

182 729 265 770 ’Μ’
304 731 380 788 edito
394 731 583 800 recubuisset,
598 729 725 787 consciis
745 730 812 786 loca
824 728 976 786 munitiora
989 728 1087 804 oppidi

184 810 270 867 tradit
282 832 289 879 ;
311 809 425 866 domum
438 809 577 866 custodiis
593 809 686 883 sepit3
708 827 726 864 e
739 807 847 864 foribus
862 807 910 882 qui
922 825 981 864 non
992 806 1087 866 disce·

146 893 164 947 2
185 889 262 958 dant,
288 899 382 944 certos
403 888 538 963 praeficit3
563 906 667 944 navem
689 885 834 944 triremem
859 886 973 943 armatis
997 897 1087 956 ornat,

186 966 424 1041 Philostratoque,
439 965 517 1023 fratri
531 984 594 1036 suo,
608 965 700 1035 tradit,
715 983 834 1039 eamque
848 964 975 1040 inportu
985 965 1087 1039 agitari

181 1046 271 1123 jubet,
285 1055 316 1102 ut
339 1045 365 1101 si
389 1064 528 1102 exercere
541 1043 668 1120 remiges
682 1044 788 1101 vellet:
812 1042 953 1118 cogitans,
967 1043 994 1100 si
1014 1044 1085 1102 sorte

186 1123 317 1182 consiliis
332 1123 492 1181 obstitisset
511 1123 631 1192 fortuna,
644 1133 675 1180 ut
695 1122 822 1191 haberet,
842 1140 898 1197 quo
918 1121 1031 1198 fugeret
1051 1124 1087 1182 ad

147 1207 165 1261 3
186 1203 316 1260 salutem.
359 1203 481 1259 Suorum
501 1212 596 1260 autem
615 1221 631 1258 e
652 1219 770 1259 numero
792 1199 969 1276 Zacynthios
991 1202 1087 1260 adole·

186 1291 303 1338 scentes
318 1280 456 1354 quosdam
470 1281 560 1356 eligit,
574 1299 660 1354 quum
674 1279 892 1349 audacissimos,
906 1289 965 1336 tum
979 1280 1086 1338 viribus

110 1404 114 1418 .
185 1359 336 1428 maximis3
365 1358 468 1434 hisque
492 1359 539 1415 dat
561 1359 716 1434 negotium,
743 1357 797 1435 [ut]
824 1357 860 1414 ad
882 1357 1007 1415 Dionem
1022 1370 1088 1417 eant

186 1437 321 1506 inermes,
330 1437 374 1494 sic
382 1447 413 1494 ut
424 1437 616 1494 conveniendi
627 1439 690 1514 ejus
702 1435 793 1512 gratia
805 1435 969 1493 viderentur
977 1437 1086 1495 venire.

147 1518 166 1569 4
187 1515 229 1573 Hi
252 1526 367 1590 propter
387 1516 517 1572 notitiam
537 1525 603 1572 sunt
622 1514 788 1572 intromissi.
830 1515 868 1572 At
888 1514 941 1584 illi,
955 1525 987 1572 ut
1000 1515 1088 1574 limen

186 1595 249 1672 ejus
270 1594 416 1664 intrarunt,
430 1594 537 1652 foribus
551 1595 702 1663 obseratis,
715 1593 746 1650 in
769 1593 847 1651 lecto
871 1595 1023 1651 cubantem
1045 1595 1088 1652 in·

185 1673 299 1742 vadunt,
315 1672 471 1748 colligant;
491 1674 523 1731 tit
544 1673 689 1749 strepitus,
700 1673 773 1730 adeo
793 1682 824 1730 ut
844 1672 974 1730 exaudiri
988 1683 1088 1748 posset

147 1757 166 1809 5
185 1751 266 1810 foris.
307 1750 376 1822 Hic,
391 1751 467 1809 sicut
487 1762 553 1809 ante
580 1751 684 1829 [saepe]
707 1751 815 1808 dictum
829 1762 883 1820 est,
896 1769 982 1829 quam
994 1752 1089 1809 invisa

187 1831 224 1888 sit
237 1830 392 1907 singularis
406 1832 542 1907 petentia,
557 1842 587 1887 et
609 1829 773 1888 miseranda
785 1828 854 1900 rita,
867 1829 919 1904 qui'
936 1849 969 1887 se
990 1829 1088 1897 metui,

147 1911 166 1966 6
186 1929 269 1984 quam
290 1908 380 1967 amari
393 1911 510 1981 malunt,
525 1908 617 1967 cuivis
627 1909 719 1966 dacile
733 1909 883 1965 intellectu
896 1907 958 1965 fuit.
1000 1908 1088 1966 Nam·

186 2007 241 2062 que
256 1988 299 2044 illi
313 1988 371 2063 ipsi
385 1988 531 2057 custodes,
545 1988 571 2045 si
579 1988 702 2063 propitia
715 1986 840 2044 fuissent
853 1986 1008 2057 voluntate,
1022 1986 1088 2044 sori·

186 2067 239 2122 bus
254 2065 380 2122 effractis
395 2084 511 2122 servare
527 2085 592 2122 eum
612 2067 782 2140 potuissent,
796 2065 871 2140 quod
893 2065 937 2122 illi
952 2065 1088 2136 inermes,

186 2144 275 2200 telum
302 2142 372 2198 ioris
400 2143 572 2218 flagitantes,
599 2144 697 2201 vivum
723 2145 867 2201 tenebant.
919 2144 976 2202 Cui
1003 2162 1089 2219 quum

187 2231 367 2277 succurreret
379 2239 474 2291 nemo,
490 2222 572 2298 Lyco
586 2222 701 2296 quidam
715 2223 916 2298 Syracusanus
930 2241 983 2299 per
992 2222 1089 2281 fenes-

186 2309 244 2355 tras
259 2298 385 2373 gladium
398 2299 486 2370 dedit,
501 2319 556 2376 quo
572 2300 649 2358 Dion
663 2301 830 2358 interfectus
845 2311 899 2358 est.

150 2382 163 2436 l
226 2377 265 2434 X.
307 2376 448 2434 Confecta
472 2380 561 2449 caede,
586 2398 672 2454 quum
695 2380 842 2437 multitudo
861 2378 978 2437 visendi
998 2380 1090 2457 gratia

186 2455 342 2524 introisset,
366 2458 495 2514 nonnulli
520 2460 555 2516 ab
579 2457 681 2515 insciis
704 2477 756 2534 pro
777 2458 872 2516 noxiis
890 2459 1110 2522 concidrmtur..

187 2533 264 2593 Nam
289 2535 378 2591 celeri
404 2554 516 2594 rumore
541 2537 638 2606 dilato,
663 2537 752 2594 Dioni
775 2538 834 2594 vim
862 2537 987 2608 allatam,
1008 2537 1091 2596 multi

187 2624 398 2683 concurrerant,
412 2615 515 2688 quibus
525 2617 583 2673 tale
597 2615 710 2673 facinus
725 2616 906 2691 displicebat.
948 2616 1001 2686 Hi,
1014 2615 1091 2674 falsa

186 2691 353 2768 suspicione
378 2692 464 2763 ducti,
492 2694 676 2752 immerentes
702 2705 733 2751 ut
756 2695 915 2752 sceleratos
942 2694 1089 2753 occidunt.

147 2776 164 2829 2
188 2771 283 2848 Hujus
299 2770 335 2827 de
349 2782 438 2828 morte
459 2784 490 2830 ut
513 2775 609 2850 palam
632 2773 805 2843 factumest,
825 2772 995 2831 mirabiliter
1008 2773 1090 2849 vulgi

185 2861 292 2908 mutata
317 2860 361 2907 est
384 2851 525 2910 voluntas.
566 2853 644 2910 Nam
666 2851 715 2926 qui
728 2851 825 2909 rivum
849 2869 915 2909 eum
937 2862 1091 2927 tyrannum

185 2931 350 3000 vocitarent,
365 2929 454 2986 iidem
476 2931 658 2988 liberatorem
678 2931 776 3005 patriae
797 2928 967 3006 tyrannique
989 2930 1091 3006 expul-

186 3027 281 3066 sorem
301 3008 502 3084 praedicabant.
544 3009 595 3066 Sic
616 3010 709 3066 subito
724 3009 923 3066 misericordia
942 3009 1010 3066 odio
1025 3027 1091 3066 suc·

186 3098 325 3157 cesserat,
339 3098 370 3144 ut
384 3107 449 3144 eum
463 3107 516 3145 suo
530 3087 680 3163 sanguine,
689 3088 714 3143 si
728 3099 857 3162 possent,
872 3089 908 3144 ab
922 3087 1090 3145 Acheronte

148 3166 165 3221 3
186 3175 325 3238 cuperent
346 3166 498 3223 redimere.
540 3167 639 3241 Itaque
663 3167 694 3223 in
715 3167 795 3236 urbe,
810 3165 999 3224 celeberrimo
1014 3166 1090 3235 loco,

186 3241 278 3298 elatus
292 3242 417 3314 publice,
432 3244 559 3318 sepulcri
573 3255 755 3302 monumento
769 3244 890 3301 donatus
904 3253 959 3300 est.
1001 3243 1091 3301 Diem

185 3317 257 3375 obiit
271 3317 386 3376 circiter
399 3339 490 3378 annos
504 3323 708 3399 quinquaginta
720 3322 844 3398 quinque
855 3332 949 3391 natus,
960 3332 1089 3396 quartum

185 3406 251 3474 post
264 3413 378 3467 annum,
392 3415 476 3474 quam
490 3418 527 3456 ex
541 3401 684 3479 Pelopem
693 3419 744 3460 eso
758 3401 789 3458 in
803 3399 938 3458 Siciliam
954 3399 1080 3458 redierat
