2378 4036
161 262 203 323 90
398 254 489 321 xlx.
536 264 562 332 1,
577 264 607 322 2:
654 255 832 340 (Phocion.)

158 410 321 488 repulisset,
350 410 454 486 partim
482 408 683 480 interfecisset,
711 420 815 487 captus
842 428 898 470 non
926 411 1066 488 Antigoni

158 489 275 560 virtute,
290 488 340 546 sed
366 488 559 546 Macedonum
582 488 719 564 perjurio,
734 488 822 546 talam
842 489 943 548 habuit
956 491 1066 548 exitum

119 570 138 624 2
159 567 235 625 vitae.
277 567 311 625 In
325 584 382 643 quo
402 576 512 643 quanta
527 565 614 624 fuerit
633 567 762 624 omniurn
776 568 870 643 opinio
890 586 1000 638 eorum,
1016 569 1066 644 qui

158 655 220 723 post
235 645 438 704 Alexandrum
452 645 594 721 Magnum
615 663 699 722 rages
713 655 781 704 sunt
801 646 946 721 appellati,
961 666 997 704 ex
1011 647 1066 705 hoc

159 723 297 782 facillime
312 733 403 800 potest
419 723 556 798 judicari,
571 723 647 798 quod
667 741 760 792 nemo,
775 723 909 782 Eumene
923 725 998 795 vivo,
1015 744 1066 782 rex

119 804 137 860 3
160 802 321 878 appellatus
335 811 387 872 est,
396 801 447 860 sed
462 799 632 878 praefectus3
649 801 736 858 iidem
750 811 812 877 post
825 801 913 878 hujus
926 821 1064 860 occasum

158 881 253 938 statim
278 881 393 957 regium
416 889 551 937 ornatum
575 897 737 955 nomenque
761 890 935 950 sumserunt,
961 899 1064 956 neque,

157 958 234 1034 quod
259 960 340 1016 initio
364 957 566 1037 praedicarant,
589 975 621 1014 sa
635 956 798 1015 Alexandri
821 957 921 1016 liberis
941 978 1065 1035 regnum

157 1055 284 1107 servare,
300 1047 436 1114 praestare
450 1036 613 1104 voluerunt,
634 1045 670 1106 et,
688 1053 744 1092 uno
766 1046 976 1112 propugnatore
998 1037 1063 1094 sub-

158 1115 225 1186 lato,
240 1115 310 1192 quid
323 1116 470 1184 sentirent,
486 1124 672 1191 aperuerunt.
715 1113 813 1188 Hujus
827 1115 946 1172 sceleris
960 1116 1064 1191 princi-

85 1235 88 1240 ψ
157 1212 208 1270 pes
229 1193 348 1253 fuerunt
369 1194 543 1270 Antigonus,
566 1192 746 1262 Ptolemaeus,
762 1191 913 1262 Seleucus,
929 1192 1064 1268 Lysima-

117 1276 137 1329 4
157 1271 239 1343 chus,
250 1271 423 1331 Cassander.
460 1271 625 1347 Antigonus
636 1280 734 1328 autem
744 1269 909 1328 Eumenem
920 1281 1065 1328 mortuum

157 1351 324 1426 propinquis
346 1349 410 1425 ejus
424 1348 622 1425 sepeliendum
646 1348 773 1406 tradidit.
816 1349 857 1406 Hi
882 1350 1000 1407 militari
1016 1351 1063 1407 ho-

158 1440 239 1487 nesto
273 1428 385 1496 funere,
414 1428 569 1486 comitante
603 1436 660 1485 toto
690 1428 831 1497 exercitu,
861 1428 1064 1500 humaverunt,

156 1526 280 1584 ossaque
294 1507 358 1583 ejus
372 1507 401 1563 in
417 1505 631 1582 Cappadociam
646 1506 681 1563 ad
704 1516 827 1564 matrem
842 1515 930 1583 atque
944 1524 1064 1564 uxorem

157 1584 320 1663 liberosque
335 1585 399 1661 ejus
413 1583 590 1661 deportanda
604 1594 755 1642 curarunt.

442 1815 796 1826 -—---—-—-.

132 1846 174 1921 *i

145 1946 151 1965 ”
233 2026 235 2030 -
345 1993 486 2066 xlx.
540 1991 872 2066 Pflocrou.

119 2294 136 2348 1
197 2285 221 2347 Ι.
244 2286 379 2358 Phocion,
394 2286 583 2359 Atheniensis,
598 2291 652 2347 etsi
672 2308 748 2366 saepe
762 2290 937 2347 exercitibus
951 2289 1066 2366 praeiurt

157 2385 344 2442 summosque
367 2368 552 2444 magistratus
572 2368 657 2444 cepit,
680 2378 777 2425 tamen
791 2368 882 2425 multo
895 2369 959 2444 ejus
972 2369 1065 2426 notior

157 2445 308 2520 integritas
323 2446 398 2516 vitae,
413 2465 502 2522 quam
517 2447 560 2504 rei
581 2447 714 2504 militaris
729 2447 819 2503 labor.
861 2446 962 2522 Itaque
977 2447 1065 2522 hujus

157 2524 297 2580 memoria
311 2533 353 2581 est
376 2525 466 2594 nulla,
489 2524 568 2582 illius
589 2535 688 2583 autern
709 2543 815 2600 magna
840 2523 935 2582 fama:
956 2544 993 2582 ex
1007 2544 1065 2600 quo

32 2656 37 2673 ,
117 2601 327 2678 2cognomine
349 2602 448 2661 Bonus
468 2612 512 2660 est
533 2603 705 2680 appellatus.
745 2602 815 2660 Fuit
835 2604 913 2660 enim
927 2613 1066 2680 perpetuo

157 2698 275 2756 pauper,
285 2699 376 2756 quum
390 2680 579 2739 divitissimus
589 2701 652 2740 esse
666 2691 761 2757 posset
774 2691 889 2758 propter
898 2679 1064 2756 frequentes

157 2757 266 2816 delatos
280 2759 402 2817 honores
422 2769 632 2836 potestatesque
646 2778 784 2830 summas,
799 2778 865 2834 quae
883 2759 911 2816 ei
930 2778 947 2816 a
961 2759 1065 2836 populo

117 2843 136 2895 3
156 2835 310 2896 dabantur.
352 2837 412 2896 Hic
432 2856 524 2914 quum
539 2858 557 2896 a
571 2857 641 2915 rege
662 2837 794 2914 Philippo
808 2856 931 2896 munera
951 2856 1064 2914 mugnae

157 2917 290 2992 pecuniae
304 2917 478 2993 repudiarat,
494 2917 640 2994 legatique
661 2917 844 2974 hortarentur
862 2917 1005 2992 accipere,
1027 2917 1063 2974 si-

157 2995 276 3073 mulque
301 2995 495 3066 admonerent,
510 2997 536 3052 si
557 2995 618 3071 ipse
641 2995 686 3051 his
711 2993 797 3052 facile
820 3004 942 3062 careret,
965 2994 1065 3052 liberis

156 3082 254 3132 tamen
267 3075 328 3133 suis
350 3076 533 3151 prospiceret,
548 3073 654 3150 quibus
675 3071 792 3130 difficile
808 3083 884 3130 essct
905 3073 935 3128 in
950 3091 1065 3129 summa

118 3157 136 3209 4
157 3162 325 3226 paupertate
350 3163 460 3212 tantam
484 3163 634 3230 paternam
659 3151 735 3210 tueri
758 3151 900 3227 gloriam:
932 3151 977 3208 his
1002 3151 1063 3221 ille,

156 3229 183 3284 si
205 3231 259 3286 mei
278 3232 384 3288 similes
403 3242 492 3302 crunt,
507 3233 580 3290 wem
593 3231 647 3301 ltic,
663 3229 764 3306 inquit,
778 3231 888 3306 ugellus
911 3231 976 3287 iilos
999 3229 1062 3298 ciet,

156 3307 204 3381 qui
217 3325 259 3364 me
273 3309 311 3363 ad
324 3309 395 3365 inae
417 3312 576 3386 dignitatem
593 3311 749 3384 perduxi&
769 3312 815 3366 sio
835 3309 986 3366 dissimiles
999 3316 1065 3366 sunt

156 3381 264 3461 saturi,
275 3386 339 3441 noio
352 3389 420 3444 nicia
429 3390 562 3462 impericia
575 3390 686 3446 iturum
698 3389 740 3445 nii
752 3389 902 3462 augerique
913 3388 1061 3444 luxuriam.

118 3468 134 3522 1
196 3459 235 3521 II.
257 3461 337 3520 Idem
357 3481 449 3538 quum
472 3483 559 3540 prope
574 3465 610 3523 ad
634 3483 742 3523 anuum
757 3466 965 3543 octogesimum
985 3484 1062 3541 pros·

157 3559 227 3618 pera
240 3541 418 3618 pervenisset
438 3540 561 3612 fortuna,
577 3544 714 3602 extremis
734 3544 910 3619 temporibus
923 3561 1063 3620 magnum

113 3620 185 3678 tin
205 3619 305 3679 odium
325 3619 459 3696 pervenit
478 3637 597 3678 suorum
610 3622 731 3680 civium.
774 3619 880 3691 Primo,
894 3620 971 3697 quod
993 3639 1063 3680 curn
