2378 4036
325 265 449 330 XXIII.
493 275 522 342 9,
546 273 593 330 10.
640 262 845 350 (Hannibal.)
994 274 1036 333 98

130 395 238 512 duplas
252 419 393 477 memoria
417 419 528 496 prodita
547 429 600 477 est.
643 420 779 497 Namque
803 421 854 479 alii
875 419 1037 499 naufragio,

131 497 180 556 alu
194 517 213 557 a
226 499 319 556 servis
343 498 434 575 ipsius
458 496 644 563 interiectum
657 517 735 570 eum,
750 500 891 576 scriptum
912 500 1036 576 relique·

130 586 206 634 runt.
248 577 413 635 Antiochus
427 587 532 646 autem,
547 577 646 634 sitam
669 578 699 634 in
713 578 825 654 agendo
845 579 920 637 bello
934 596 1035 655 parcre
1056 583 1076 637 8

130 654 268 714 voluisset
282 655 411 713 consiliis
424 655 496 730 ejus,
512 673 600 730 quam
621 657 651 711 in
665 655 848 732 suscipiendo
862 658 1034 727 instituerat,

129 734 246 810 propius
260 733 371 802 Tiberi,
386 752 474 810 quam
496 733 702 811 Thermopylis
725 734 761 792 de
785 753 900 792 summa
921 736 1036 813 imperii

128 811 304 870 dindcasset.
347 812 445 878 Quem
460 811 513 870 etsi
534 813 626 870 multa
640 813 727 870 stulte
741 814 840 870 conari
855 814 977 884 videbat,
992 824 1033 872 ta·

129 908 194 948 men
209 891 293 949 nulla
306 889 432 948 deseruit
446 891 476 947 in
492 909 533 947 re.
569 888 686 948 Praefuit
700 892 801 967 paucis
815 893 946 962 navibus,
960 912 1034 969 quas
1054 897 1073 950 4

127 987 164 1025 ex
177 968 267 1042 Syria
284 969 385 1046 jussus
399 978 462 1026 erat
482 969 512 1027 in
527 969 631 1026 Asiam
645 969 763 1039 ducere,
779 970 881 1045 bisque
897 971 1034 1028 ndvcrsus

128 1045 306 1106 Rhodiorum
320 1048 444 1106 classem
458 1047 489 1104 in
510 1047 679 1128 Pamphylio
693 1049 767 1104 mari
787 1049 924 1105 conflixit.
965 1049 1034 1116 Quo

126 1143 217 1202 quum
232 1126 416 1184 multitudine
431 1125 661 1184 adversariorum
675 1127 721 1184 sui
735 1137 950 1202 superarentur,
959 1128 1031 1204 ipsc,

126 1222 183 1280 quo
197 1223 289 1262 cornu
304 1223 366 1262 rem
379 1206 476 1280 gessit,
492 1205 546 1262 suit
559 1205 699 1280 superior.

165 1281 218 1340 IX.
242 1283 388 1342 Antiocho
403 1280 510 1360 fugato,
525 1302 638 1352 verens,
653 1301 689 1340 ne
702 1283 864 1355 dederetur,
879 1283 955 1360 quod
969 1284 1031 1342 siue
1054 1289 1068 1343 1

125 1358 212 1419 dnbio
226 1362 388 1432 accidisset,
403 1362 428 1420 si
452 1363 498 1420 sui
523 1361 639 1420 fecisset
662 1371 838 1438 potestatem,
853 1363 969 1420 Cretam
994 1362 1031 1420 ad

125 1437 282 1516 Gortynios
296 1442 383 1511 venit,
399 1451 431 1499 ut
455 1441 504 1510 ibi,
518 1459 576 1518 quo
597 1460 628 1498 se
650 1439 801 1509 conferret,
825 1441 1028 1500 consideraret.

37 1541 40 1545 ⁴
126 1515 206 1576 Vidit
230 1528 326 1576 autem
341 1521 387 1576 vir
407 1520 536 1577 omnium
558 1519 770 1587 callidissimus,
785 1537 890 1595 magno
913 1540 945 1578 se
970 1519 1030 1578 lore
1050 1525 1069 1578 2

124 1595 263 1670 periculo,
278 1598 333 1654 nisi
358 1598 427 1674 quid
452 1597 629 1674 providisset,
645 1607 760 1674 propter
785 1599 936 1655 avaritiam
960 1598 1028 1656 Cre·

124 1674 258 1732 tensium.
302 1675 441 1752 Magnam
455 1677 532 1734 enim
547 1674 648 1734 secum
667 1675 822 1751 pecuniam
841 1677 978 1750 portabat,
992 1676 1029 1734 de

124 1769 183 1826 qua
196 1753 306 1811 sciebat
316 1756 410 1813 exisse
426 1755 543 1812 famam.
586 1754 687 1829 Itaque
701 1753 779 1829 capit
792 1753 850 1810 tale
864 1754 1027 1810 eonsilium.
1049 1759 1068 1812 3

125 1831 289 1908 Amphoras
313 1833 476 1909 complures
490 1833 614 1909 complet
628 1832 764 1908 plumb03
785 1849 915 1888 summes
938 1832 1029 1907 operit

124 1926 195 1967 auro
208 1919 238 1968 et
252 1930 270 1967 a
305 1920 381 1970 ento.
424 1910 495 1982 Has,
511 1911 700 1988 presentibus
713 1908 900 1986 principibus,
915 1909 1030 1985 deponit

124 1986 153 2042 in
167 1989 273 2065 templo
316 1991 399 2060 ianae,
410 1990 560 2060 simulans,
570 2009 601 2046 se
612 2008 680 2047 suas
695 1987 824 2047 fortunas
837 1988 952 2045 illorum
962 1987 1028 2045 fidei

124 2065 252 2125 credere.
293 2066 349 2126 His
363 2069 392 2125 in
407 2087 534 2126 errorem
557 2068 690 2136 inductis,
706 2076 815 2126 statuas
836 2086 940 2137 aeneas,
955 2086 1029 2143 quos

123 2162 224 2203 secum
238 2147 376 2223 portabat,
391 2165 490 2205 omnes
504 2165 559 2204 sua
581 2147 705 2223 pecunia
719 2147 851 2222 complet,
866 2165 973 2222 easque
997 2146 1028 2203 in
1070 2156 1074 2165 ’

123 2224 272 2300 propatulo
286 2224 363 2282 domi
378 2226 485 2301 abjicit.
528 2225 663 2300 Gortynii
681 2225 820 2302 templum
835 2242 1026 2303 magnacum
1048 2229 1067 2283 4

123 2303 295 2373 custodiunt,
310 2321 367 2360 non
392 2313 451 2362 tam
473 2304 617 2374 coeteris,
640 2323 728 2380 quam
743 2304 779 2361 ab
801 2303 975 2374 Hannibale,
990 2323 1027 2362 ne

122 2379 180 2450 ille,
196 2382 384 2440 inscientibus
398 2383 451 2453 his,
466 2382 578 2441 tolleret
592 2402 750 2459 secumque
764 2382 893 2440 duceret.

162 2458 199 2516 X.
222 2461 282 2531 ste,
307 2463 485 2520 conservatis
498 2462 559 2519 suis
583 2461 677 2531 rebus,
702 2461 818 2531 Poenus,
844 2462 937 2519 illusis
958 2461 1026 2520 Cre·
1049 2465 1064 2518 1

46 2561 52 2571 ·
122 2539 251 2595 tensibus
277 2539 420 2610 omnibus,
449 2541 484 2597 ad
519 2540 651 2598 Prusiam
679 2541 709 2597 in
737 2540 858 2597 Pontum
885 2543 1025 2617 pervenit.

123 2615 211 2691 Apud
225 2635 312 2692 quem
326 2616 425 2675 eodem
440 2620 535 2676 animo
550 2618 604 2676 fuit
617 2637 687 2696 erga
701 2618 823 2688 Italiam,
839 2638 933 2695 neque
948 2619 1026 2677 aliud

122 2693 280 2770 quidquam
294 2696 363 2772 egit,
377 2714 466 2772 quam
480 2715 579 2775 regem
593 2699 716 2755 armavit
730 2707 759 2754 et
779 2699 912 2756 exercuit
926 2697 1026 2756 adver-

122 2789 173 2830 sus
193 2772 349 2832 Romanos.
391 2775 489 2842 Quem
514 2795 605 2852 quum
619 2776 729 2834 videret
753 2775 916 2834 domesticis
940 2776 1066 2832 rebus2

123 2849 218 2908 minus
231 2871 295 2910 esse
316 2853 474 2925 robustum,
490 2855 663 2913 conciliabat
687 2865 798 2913 ceteros
818 2871 910 2930 reges,
926 2853 1026 2928 adjun-

122 2929 265 3006 gebatquc
289 2930 442 2992 bellicosas
464 2935 603 2991 nationes.
645 2932 809 2990 Dissidebat
823 2933 859 2987 ab
873 2950 907 2988 eo
922 2930 1026 3006 Perga·

123 3023 225 3066 menus
239 3027 299 3080 rex,
315 3009 472 3081 Eumenes,
488 3011 627 3070 Romanis
642 3012 843 3078 amicissImus,
860 3008 1026 3084 bellumque

122 3084 196 3143 inter
209 3106 258 3145 eos
271 3089 427 3165 gerebatur
435 3101 463 3147 et
478 3091 551 3150 mari
566 3101 594 3147 et
607 3100 702 3147 terra:
724 3107 781 3164 quo
791 3088 883 3161 magis
892 3087 1026 3162 cupIebat

122 3182 189 3221 oum
214 3164 363 3226 Hannibal
378 3169 509 3245 opprimi.
551 3168 609 3225 Sed
634 3167 784 3240 utrobique
799 3165 947 3222 Eumenes
961 3165 1026 3243 plus
1046 3170 1064 3224 3

122 3243 235 3301 valebat
249 3256 364 3321 propter
379 3245 574 3305 Romanorum
589 3246 773 3302 societatem:
795 3263 882 3319 quem
896 3245 920 3302 si
935 3263 1023 3304 remo·

122 3320 217 3391 visset,
234 3322 365 3382 faciliora
379 3325 433 3382 sibi
447 3336 545 3384 cetera
560 3324 619 3382 fore
640 3323 841 3380 arbitrabatur.
885 3323 932 3381 Ad
947 3325 1026 3382 hunc

121 3399 352 3460 interficiendum
367 3403 454 3461 talem
469 3404 532 3462 iniit
546 3404 696 3460 rationem.
738 3401 837 3461 Classe
852 3404 953 3478 paucis
966 3404 1024 3462 dle·
1046 3408 1062 3463 l

122 3477 176 3535 bus
189 3490 272 3539 erant
285 3480 441 3540 decreturi.
477 3481 676 3560 Superabatur
692 3482 810 3538 navium
824 3482 1024 3538 multitudiue:
1088 3538 1089 3541 ,

121 3553 185 3617 dolo
198 3567 262 3617 erat
280 3558 480 3639 pugnandum,
495 3579 586 3638 quum
606 3577 659 3636 par
672 3577 729 3617 non
743 3570 818 3618 esset
832 3561 929 3617 armis.
969 3557 1025 3615 Im·

121 3636 234 3712 paravit
245 3654 335 3716 quam
348 3636 653 3718 plurimasvcnenatas
660 3647 808 3716 serpentes
821 3637 904 3695 vivas
915 3628 1024 3714 solini,
1041 3674 1048 3683 .-
