2378 4036
261 260 369 328 XXV.
412 272 442 338 4,
458 271 487 328 ὅ.
534 261 586 346 (Τ.
598 261 954 348 Pompeiorum.)
1018 273 1062 333 99

152 415 231 475 euim
241 416 273 474 in
287 417 365 474 omni
379 417 581 493 procuratione
592 417 759 493 reipublicae
768 428 894 476 actorem
904 429 1063 479 auctorem-

151 512 210 570 que
232 494 388 554 habebant.
438 494 531 572 Igitur
552 497 677 572 primum
702 496 774 553 illud
798 515 905 554 munus
930 497 1100 570 sonunmd

151 572 227 650 quod
242 574 270 631 in
286 593 321 631 ea
335 575 515 650 potissimum
527 575 598 633 urbe
612 584 699 632 natus
712 584 764 644 est,
774 576 804 633 in
818 594 876 651 qua
883 577 1061 636 domicilium

150 652 229 711 orbis
241 661 386 710 terrarum
407 663 483 712 esset
496 653 619 730 imperii,
635 663 667 712 ut
685 653 817 711 eamdem
831 665 859 712 et
873 657 997 732 patriam
1012 658 1061 714 ha-

13 784 20 804 ,
150 731 231 789 heret
244 741 273 789 et
293 731 429 805 domum3
452 732 507 791 hcc
520 732 667 809 specimen
689 732 855 808 prudentiae,
870 734 955 810 quod,
969 716 1077 811 quiin*

55 864 58 868 .
150 797 260 868 iffe'am
279 828 311 868 se
325 811 472 869 civitatem
490 810 667 881 contulisset,
682 830 748 886 quae
765 813 944 887 antiquitate,
960 814 1060 871 huma-

149 889 249 958 nitate,
263 887 395 946 doctrina
409 900 557 966 praestaret
570 907 679 960 omnes,
695 909 772 947 unus
785 891 813 948 ei
834 902 899 949 ante
914 892 986 950 alios
1000 891 1059 949 fue-

149 969 187 1025 rit
199 968 379 1025 carissimus.
1005 970 1076 992 ’κ

152 1041 243 1104 ἿῨ.
272 1045 341 1103 Huc
366 1065 402 1103 ex
430 1047 506 1105 Asia
532 1046 617 1105 Sulla
644 1047 788 1106 decedens
807 1066 898 1123 quum
924 1050 1057 1119 venisset,
1082 1055 1093 1107 l

148 1124 288 1200 quamdiu
316 1125 356 1181 ibi
385 1124 448 1195 fuit,
477 1145 579 1184 secum
603 1127 705 1184 habuit
733 1125 933 1202 Pomponium,
956 1139 1059 1204 captus

147 1202 338 1261 adolescentis
352 1214 380 1262 et
394 1204 574 1262 humanitate
589 1215 617 1263 et
631 1204 771 1262 doctrina.
791 1205 938 1281 Sjissnim
954 1205 1058 1264 Graece

148 1281 329 1358 loquebatur,
345 1292 377 1341 ut
397 1284 523 1341 Athenis
543 1293 629 1342 natus
646 1284 802 1342 videretur.
844 1283 942 1351 Tanta
959 1295 1057 1343 autem

146 1362 278 1419 suavitas
291 1351 515 1420 eras-sermonis
529 1361 638 1432 Latini,
651 1348 873 1455 Affiffleb
893 1364 922 1419 in
937 1383 972 1422 eo
985 1365 1057 1422 nati-

147 1455 216 1496 vum
230 1440 386 1515 quemdam
400 1441 526 1517 leporem
541 1461 614 1511 esse,
629 1461 686 1500 non
701 1442 855 1500 adscitum.
898 1442 978 1500 Idem
992 1451 1056 1520 poe-

147 1528 224 1576 mata
238 1519 440 1594 pronuntiabat
455 1529 483 1578 et
506 1539 603 1598 graece
618 1531 647 1579 et
667 1521 755 1578 latine
761 1522 826 1594 sic,
838 1531 970 1597 utsupra
984 1522 1056 1580 nihil

147 1606 241 1672 posset
255 1595 331 1654 eddi.
354 1597 470 1664 Quibus
484 1599 572 1656 rebus
583 1597 756 1681 sufflet»
769 1610 800 1672 ut
814 1599 898 1657 Sulla
912 1618 1055 1675 nusquam
1077 1605 1095 1657 2

147 1671 244 1818 φῆ
268 1675 306 1734 ab
327 1695 359 1734 se
382 1677 545 1746 dimitteret,
574 1697 611 1736 cu
650 1674 749 1752 ratque
771 1696 872 1735 secum
899 1677 1054 1736 deducere.

176 1754 207 1811 ui
220 1772 311 1830 quum
327 1748 501 1831 persuadere
516 1766 647 1825 tentare,
721 1773 796 1826 ,oro
817 1765 851 1824 te,
867 1757 960 1831 inquit
974 1755 1053 1813 Pom·

147 1833 257 1908 penius,
271 1834 421 1892 adoneum
434 1853 481 1893 eos
494 1854 536 1893 me
549 1836 620 1894 aelle
634 1837 743 1904 ducere,
758 1853 820 1891 cum
833 1834 933 1908 quibua
945 1852 980 1891 ne
994 1852 1055 1891 con·

147 1918 191 1968 tra
204 1920 230 1970 te
240 1911 444 1990 amusement,
460 1911 572 1972 Italiam
585 1914 696 1989 reliqui.
728 1914 769 1971 At
784 1912 875 1981 Sulla,
891 1911 1053 1970 adolescen·

147 1990 183 2047 tis
203 1989 298 2049 officio
321 1992 494 2061 collaudato,
515 1993 612 2050 omnia
636 2011 758 2050 munera
781 1992 817 2060 ei,
839 2009 906 2066 quae
930 1990 1054 2050 Athenis

147 2080 307 2145 acceperat,
333 2071 518 2147 proficiscens
535 2071 622 2147 jussit
644 2069 761 2129 deferri.
808 2070 867 2128 Hic
890 2070 1054 2146 complures
1075 2075 1093 2128 3

147 2165 236 2205 annos
249 2160 387 2219 moratus,
403 2169 492 2225 quum
508 2161 536 2208 et
558 2153 600 2208 rei
622 2151 757 2208 familiari
772 2161 883 2208 tantum
897 2168 992 2226 operm
1005 2149 1053 2208 da·

146 2235 198 2295 ret,
222 2238 364 2303 quantum
389 2247 444 2285 uon
467 2229 621 2306 indiligens
645 2229 762 2287 deberet
784 2228 1003 2305 paterfamilias,
1025 2240 1053 2287 et

144 2305 240 2362 omnia
261 2306 375 2383 reliqua
399 2318 528 2384 tempora
550 2319 600 2366 aut
624 2309 735 2378 litteris,
758 2319 808 2366 aut
829 2308 1051 2366 Atheniensium

146 2384 313 2460 reipublicoe
333 2386 480 2457 tribueret,
502 2387 689 2444 nihilominus
712 2388 813 2444 amicis
828 2388 940 2444 urbana
954 2386 1049 2444 officia

145 2463 284 2538 praestitit.
326 2463 405 2522 Nam
430 2475 459 2522 et
481 2465 517 2522 ad
539 2467 655 2524 comitia
678 2485 778 2523 eorum
793 2467 952 2535 ventitavit,
968 2475 1005 2535 et,
1027 2466 1052 2522 si
1073 2469 1116 2539 4,

144 2559 202 2616 qua
226 2560 273 2599 rea
296 2543 388 2619 major
412 2554 479 2601 acta
502 2554 554 2613 est,
569 2563 626 2602 non
650 2543 756 2616 desuit3
779 2545 855 2602 sicut
874 2545 1008 2602 Ciceroni
1022 2545 1052 2601 in

144 2619 277 2677 omnibus
290 2620 381 2698 [ejus]
397 2623 534 2698 periculis
547 2623 726 2700 singularem
740 2623 827 2682 fidem
841 2624 980 2699 praebuit:
1002 2623 1052 2681 cui

145 2715 181 2754 ex
196 2700 290 2775 patria
304 2698 426 2836 hqqienti
440 2699 527 2759 LLS.
543 2701 669 2760 ducenta
682 2713 711 2760 et
731 2703 941 2778 quinquaginta
960 2701 1053 2758 millia

144 2775 268 2835 donavit.
355 2780 538 2855 ranquillatis
562 2791 660 2838 autem
685 2782 772 2840 rebus
795 2780 943 2848 Romanis,
968 2780 1051 2836 remi·
1073 2782 1092 2834 5

164 2856 237 2913 ravit
252 2856 384 2928 Romam,
397 2868 428 2915 ut
436 2859 544 2935 opinor,
556 2858 593 2917 L.
604 2859 687 2918 Cotta
695 2870 723 2918 et
738 2858 775 2917 L.
786 2859 933 2932 Torquato
941 2856 1050 2913 Censu-

143 2873 237 2992 libus:
257 2954 344 3010 quem
359 2937 635 3030 diemsifflniversa
646 2939 748 2996 civitas
757 2935 980 2994 Atheniensium
989 2951 1051 3010 pro
1067 2959 1134 3043 ψ

143 3023 244 3071 secuta
258 3024 309 3083 est,
319 3024 351 3072 ut
365 3015 494 3074 lacrimrs
505 3017 639 3074 desiderii
654 3016 744 3074 futuri
758 3015 885 3072 dolorem
899 3011 1049 3082 indicaret.

182 3091 221 3148 V.
244 3081 385 3151 Habebat
402 3095 582 3152 avunculum
605 3095 644 3160 Q.
660 3093 822 3160 Caecilium,
844 3091 970 3164 equitem
995 3089 1050 3148 Ro-
1074 3097 1088 3150 l

143 3184 271 3241 manum,
287 3170 460 3231 familiarem
475 3172 512 3231 L.
529 3173 659 3241 Luculli,
674 3172 801 3240 divitem,
816 3168 987 3227 difficillima
1000 3188 1050 3228 na·

141 3257 225 3306 tura:
246 3250 333 3325 cnjus
346 3252 389 3310 sic
404 3253 588 3328 asperitatem
603 3251 713 3308 veritus
733 3258 785 3318 eet,
801 3258 841 3319 ut,
856 3267 943 3326 quem
967 3267 1052 3308 nemo

142 3325 218 3386 serre
237 3339 340 3405 posset,
349 3314 444 3406 'filiius
458 3331 520 3388 sine
534 3328 689 3387 offensione
704 3328 741 3386 ad
762 3320 905 3387 summam
920 3339 1050 3388 senectu-

7 3436 117 3459 Ν
140 3415 200 3463 tem
213 3407 364 3466 retinuerit
386 3408 627 3467 benevolentiam.
669 3407 737 3475 Quo
760 3406 837 3466 facto
850 3408 916 3467 tulit
937 3408 1064 3484 pietatis·

142 3471 460 3546 fructtffii‘ffaecilius
474 3487 551 3544 enim
566 3487 690 3545 moriens
714 3497 884 3546 testamento
906 3485 1050 3561 adoptavit
1071 3490 1089 3542 2

140 3581 220 3635 eum,
234 3563 429 3642 heredemque
444 3564 513 3624 fecit
533 3583 570 3622 ex
584 3564 740 3626 dodrante:
761 3585 798 3624 ex
820 3584 879 3642 qua
892 3562 1051 3622 hereditate

139 3642 256 3721 accept
269 3645 388 3704 circiter
400 3643 510 3704 centies
525 3642 612 3705 LLS'.
654 3645 728 3706 Erat
749 3653 839 3722 nupta
852 3659 934 3702 soror
957 3638 1050 3699 Attici
1071 3644 1088 3698 1
