2378 4036
368 248 429 313 111.
452 255 527 326 aa.
573 248 764 331 (rasam.)
983 255 1028 315 n·

120 395 189 472 quid
200 395 346 454 Aristides
358 396 562 466 commisisset,
574 415 625 453 cur
637 406 716 453 tanta
728 415 815 472 poena
825 396 930 472 dignus
941 397 1030 456 duco·

122 477 217 534 returf
260 474 318 532 Cui
330 474 382 531 ille
402 474 561 550 respondit,
575 494 609 532 se
629 475 763 551 ignorare
777 474 953 545 Aristidem
975 476 1066 535 sedi

120 553 177 612 sibi
190 572 250 611 non
262 553 390 632 placere,
400 553 476 632 quod
489 563 548 611 tam
561 552 667 629 cupide
681 554 868 625 elaborasset,
882 563 914 611 ut
926 565 1030 630 prater

120 643 236 690 ceteros
250 633 350 690 Justus
365 632 567 708 appellaretur.
609 631 668 690 Hic
688 632 792 690 decem
805 651 943 689 annorum
955 633 1028 710 legi-
1049 639 1067 692 5

120 713 219 770 timam
240 722 356 787 poenatn
376 729 435 768 non
457 711 584 786 pertulit.
633 711 711 768 Nam
737 722 888 787 postquam
912 711 1028 770 Xerxes

121 791 151 848 in
173 789 320 847 Graeciam
341 789 505 860 descendit,
519 800 602 846 sexto
616 789 678 846 sere
699 808 784 860 anno,
798 809 883 864 quam
904 803 965 847 erat
979 809 1029 848 ex·

121 870 233 946 pulsus,
246 868 421 944 populiscito
435 868 466 925 in
478 869 600 944 patriam
612 868 759 925 restitutus
775 879 829 925 est.

160 947 202 1005 ΙΙ.
238 945 372 1005 Interfuit
394 957 490 1004 autem
515 966 619 1023 pugna
642 946 739 1004 navali
767 947 842 1021 apud
871 947 1064 1018 Salamina‚l

121 1046 185 1102 quae
213 1025 291 1083 sacta
314 1036 360 1083 est
385 1025 475 1101 prius,
499 1044 585 1100 quam
607 1031 692 1100 poena
714 1025 892 1083 liberaretur.
945 1025 1029 1084 idem

121 1116 226 1181 praetor
245 1104 299 1162 fuit
319 1103 543 1161 Atheniensium
563 1104 638 1181 apud
659 1104 784 1161 Plataeas
804 1104 835 1161 in
847 1104 958 1179 proelio,
972 1123 1029 1179 quo

122 1183 293 1242 Mardonius
314 1182 405 1253 fusus,
429 1183 667 1257 barbarorumque
693 1183 837 1241 exercitus
860 1182 1028 1240 interfectus

123 1273 177 1320 est.
219 1262 325 1337 Neque
340 1261 418 1319 aliud
433 1273 478 1318 est
491 1262 580 1319 ullum
595 1261 681 1339 hujus
696 1261 727 1318 in
740 1281 771 1318 re
785 1261 902 1319 militari
916 1261 1028 1320 illustre
1047 1267 1066 1320 2

123 1342 240 1411 factum,
254 1360 339 1415 quam
358 1340 444 1417 hujus
465 1340 580 1417 imperii
599 1341 755 1410 memoria;
773 1341 891 1416 justitiae
905 1359 984 1411 vero,
999 1351 1029 1398 et

125 1421 275 1495 aequitatis,
304 1431 333 1476 et
357 1419 531 1477 innocentia
553 1420 658 1476 multa:
680 1419 842 1494 inprimis,
865 1420 940 1494 quod
965 1421 1028 1497 ejus

125 1498 254 1573 aequitate
280 1497 387 1554 factum
411 1508 465 1567 est,
489 1517 575 1572 quum
599 1498 630 1555 in
657 1498 800 1555 communi
824 1499 920 1556 classe
949 1508 1030 1555 esset

127 1577 248 1634 Groeciae
270 1577 355 1634 simul
370 1597 436 1634 cum
450 1577 604 1647 Pausania,
618 1596 674 1652 quo
695 1577 768 1634 duce
784 1576 953 1634 Mardonius
968 1587 1029 1634 erat

125 1655 248 1732 fugatus,
261 1666 293 1712 ut
313 1674 424 1712 summa
447 1655 562 1731 imperii
583 1655 718 1712 maritimi
740 1656 775 1712 ab
799 1655 1028 1713 Lacedoemoniis

125 1734 324 1792 transferretur
338 1734 375 1792 ad
389 1734 596 1792 Athenienses.
638 1735 770 1808 Namque
792 1744 858 1790 ante
873 1734 903 1790 id
916 1744 1028 1808 tempus
1050 1737 1067 1790 3

126 1825 155 1870 et
168 1813 239 1871 mari
253 1824 282 1870 et
294 1825 370 1870 terra
384 1813 474 1870 duces
488 1822 570 1870 erant
585 1811 808 1870 Lacedaemonii.
846 1812 922 1868 Tum
936 1821 1031 1867 autem

126 1902 154 1948 et
174 1892 395 1967 intemperantia
419 1891 580 1962 Pausaniae,
603 1900 632 1948 et
648 1889 761 1966 justitia
781 1889 887 1948 factum
908 1899 953 1945 est
966 1888 1030 1945 Ari·

126 1971 219 2041 stidis,
232 1983 265 2028 ut
279 1970 455 2028 omnes-fere
471 1971 604 2028 civitates
621 1968 743 2027 Graeciae
757 1969 792 2025 ad
807 1967 1031 2025 Atheniensium

125 2051 295 2107 societatem
304 2069 337 2106 se
347 2050 534 2126 applicarent,
545 2060 574 2106 et
582 2049 720 2105 adversus
728 2048 864 2105 barbaros
873 2046 927 2104 hos
939 2047 1029 2104 duces

125 2129 288 2204 deligerent
302 2129 367 2186 sibi.

162 2208 220 2266 III.
244 2207 326 2273 Quos
349 2226 405 2282 quo
429 2205 546 2264 facilius
569 2207 753 2282 repellerent,
777 2206 802 2264 si
826 2205 898 2263 forte
921 2206 1065 2263 belluml

125 2304 263 2344 renovare
278 2297 457 2356 conarentur,
472 2285 509 2342 ad
530 2287 643 2342 classes
664 2284 848 2343 aedificandas
873 2285 1031 2342 exercitus·

125 2385 177 2440 que
190 2364 400 2441 comparandos
411 2376 547 2440 quantum
556 2363 687 2440 pecuniae
698 2382 817 2439 quaeque
827 2363 928 2422 ciiitas
940 2364 1030 2433 daret,

126 2444 270 2502 Aristides
285 2443 417 2500 delectus
437 2453 492 2513 est,
505 2443 554 2518 qui
569 2442 765 2513 constitueret,
779 2443 899 2520 ejusque
914 2443 1030 2500 arbitrio

126 2522 321 2599 quadringena
335 2532 365 2579 et
384 2541 533 2598 sexagena
551 2522 659 2579 talenta
678 2521 830 2595 quotannis
845 2521 952 2578 Delum
965 2530 1031 2578 sunt

128 2603 239 2659 collata,
281 2600 316 2658 Id
343 2600 421 2658 enim
445 2619 596 2658 commune
621 2601 753 2657 aerarium
774 2620 842 2658 esse
869 2601 1029 2658 volnenmt.

129 2680 197 2746 Qus
212 2679 307 2736 omnis
328 2680 454 2754 pecunia
473 2690 590 2755 postero
604 2690 732 2756 tempore
747 2678 877 2737 Athenas
893 2679 1032 2737 translata

130 2768 179 2816 est
235 2758 296 2816 Hic
320 2777 376 2832 qua
400 2757 486 2816 fuerit
509 2758 692 2828 abstinentia,
716 2759 826 2816 nullum
853 2768 899 2815 est
922 2757 1030 2816 certius
1050 2761 1068 2814 2

132 2837 273 2917 odicium,
288 2855 373 2912 quam
393 2837 478 2912 quod,
492 2856 578 2912 quum
599 2837 686 2894 tantis
708 2838 794 2895 rebus
814 2835 986 2912 praefuisset,
1000 2835 1031 2891 in

132 2924 202 2972 tanta
226 2925 395 2991 paupertate
418 2914 556 2986 decessit,
578 2926 617 2986 ut,
640 2915 689 2990 qui
712 2916 871 2984 efferretur,
896 2914 946 2970 vix
964 2911 1034 2977 talk

55 3013 91 3040 a
129 3006 227 3128 ψ.
271 2994 337 3060 Quo
351 2993 458 3052 factum
472 3005 526 3066 est,
536 3005 568 3052 ut
580 2995 648 3052 filiae
663 2995 726 3070 ejus
740 2992 857 3069 publice
879 2992 1032 3061 alerentur,
1052 2995 1069 3048 ³

136 3087 149 3124 e
189 3073 364 3130 acommuni
379 3072 479 3130 aerario
497 3073 612 3130 dotibus
620 3071 929 3147 datislcollocarentur.
971 3070 1031 3128 Da·

139 3149 218 3208 cessit
239 3161 336 3207 autem
362 3150 423 3208 fere
447 3161 513 3227 post
535 3169 641 3208 annum
667 3158 805 3224 quartum,
827 3166 912 3224 quam
960 3176 997 3216 471

140 3223 345 3286 Themistocles
354 3226 479 3288 Athenis
494 3240 555 3288 erat
569 3228 719 3307 expulsus.
937 3236 952 3266 ⁵
969 3226 994 3267 ⁰·
1006 3235 1029 3267 '¹
