2378 4036
176 247 219 305 rc
366 225 487 300 xvlll.
531 246 560 312 a,
576 245 604 311 r,
620 243 649 299 a
696 235 889 320 (nonam.)

172 391 243 450 dum
257 389 293 448 da
307 389 516 449 conditionibus
536 399 648 460 tractat,
664 388 807 466 praefectis
828 388 969 468 Antigoni
990 389 1076 468 irnpo·

173 470 240 539 suit,
255 487 344 545 seque
359 487 394 526 ac
408 486 476 526 suos
489 487 588 526 omnes
602 468 726 526 extraxit
740 469 909 526 incolumes.

136 555 149 608 l
213 547 267 606 VI.
290 546 339 604 Ad
353 548 431 605 hunc
446 547 607 622 Olympias,
618 557 711 604 mater
723 564 789 622 quae
803 545 898 604 fuerat
907 546 1077 617 Alexandri,

172 645 264 702 quum
278 626 388 684 litteras
402 635 431 683 et
451 627 567 683 nuntios
587 627 711 683 misisset
731 627 760 681 in
776 626 888 695 Asiam,
904 626 1078 696 consultum,

173 715 271 763 utrum
280 705 433 781 repetitum
448 704 648 762 Macedoniam
657 705 768 762 veniret
782 703 864 782 (nam
875 714 936 762 tum
947 705 977 760 in
989 703 1078 780 Epiro

134 789 152 842 2
174 781 335 862 habitabat)
350 792 379 841 et
400 803 450 841 eas
464 801 511 840 res
524 793 696 858 occuparet:
718 783 788 840 huic
808 782 858 840 ille
873 783 998 859 primum
1012 801 1077 840 sua-

169 863 218 932 sit,
233 881 269 919 ne
283 880 315 919 se
329 872 466 932 moveret,
478 871 506 918 et
520 871 709 937 exspectaret,
724 859 819 937 quoad
833 860 990 938 Alexandri
1000 860 1078 919 filius

172 958 296 1017 regnum
311 939 540 1016 adipisceretur3
563 940 607 997 sin
630 940 729 1016 aliqua
750 939 906 1015 cupiditate
928 949 1079 1016 raperetur

173 1019 204 1076 in
225 1017 436 1088 Macedoniam,
458 1019 587 1076 omnium
605 1018 778 1094 injuriarum
798 1019 1028 1088 oblivisceretur,
1049 1028 1078 1076 et

133 1097 203 1155 bin
222 1097 368 1173 neminem
392 1097 539 1155 acerbiore
565 1106 694 1154 uteretur
719 1097 849 1172 imperio.
891 1096 1006 1154 Horum
1026 1097 1077 1154 illa

172 1176 244 1233 nihil
260 1175 339 1233 fecit.
380 1175 459 1233 Nam
481 1177 553 1232 etin
568 1174 768 1232 Macedoniam
786 1174 914 1250 profecta
928 1183 980 1244 est,
996 1185 1025 1232 et
1038 1175 1086 1237 ibi,

172 1254 373 1312 crudelissime
384 1274 416 1312 se
429 1254 528 1329 gessit.
572 1253 656 1311 Petiit
670 1263 768 1311 autem
779 1254 815 1310 ab
830 1253 964 1310 Eumene
977 1253 1075 1311 absen-

172 1341 210 1402 te,
225 1351 262 1390 ne
277 1343 431 1409 pateretur,
444 1332 568 1409 Philippi
578 1332 680 1389 domus
694 1341 723 1389 et
737 1330 855 1389 familiar
866 1332 1077 1389 inimicissimos

172 1411 291 1487 stirpem
310 1429 426 1488 quoque
447 1411 622 1480 interimere,
638 1408 783 1484 ferretque
797 1429 880 1486 opem
901 1410 1000 1467 liberis
1024 1408 1076 1467 Al-

133 1493 152 1547 4
172 1489 304 1563 exandri.
345 1489 444 1556 Quam
459 1490 573 1547 veniam
589 1489 614 1546 si
634 1488 724 1558 daret,
739 1507 828 1564 quam
850 1489 976 1564 primum
994 1505 1075 1546 exer-

170 1567 248 1626 citus
262 1577 386 1645 pararet,
401 1587 473 1644 quos
486 1568 541 1625 sibi
562 1567 688 1626 subsidio
710 1566 876 1624 adduceret.
918 1566 951 1624 Id
965 1585 1023 1642 quo
1037 1565 1076 1624 ia·

171 1646 259 1705 cilius
273 1646 391 1715 faceret,
406 1665 438 1704 se
452 1646 584 1704 omnibus
598 1645 750 1722 praefectis,
764 1645 815 1722 qui
830 1645 859 1701 in
874 1644 967 1703 officio
981 1663 1076 1703 mane·

173 1725 250 1795 bant,
266 1725 378 1783 misisse
403 1725 522 1794 litteras,
538 1733 569 1782 ut
593 1725 622 1782 ei
642 1735 785 1801 parerent,
807 1723 929 1800 ejusque
950 1723 1077 1781 consiliis

133 1807 152 1861 5
172 1813 334 1862 uterentur.
375 1802 432 1861 His
446 1804 532 1861 rebus
552 1802 701 1860 Eumenes
722 1812 867 1879 permotus
882 1803 973 1861 satius
986 1802 1076 1872 duxit,

172 1883 197 1940 si
219 1883 262 1940 ita
281 1881 396 1940 tulisset
416 1881 540 1952 fortuna,
562 1882 656 1958 perire
681 1881 754 1938 bene
778 1882 888 1938 meritis
907 1879 1077 1939 referentem

172 1961 307 2038 gratiam,
318 1980 406 2037 quam
421 1961 568 2037 ingratum
582 1961 691 2018 vivere.

135 2042 150 2096 l
212 2038 281 2096 VII.
303 2038 404 2114 Itaque
420 2039 517 2114 copias
538 2039 691 2107 contraxit,
706 2037 816 2095 bellum
838 2037 978 2095 adversus
994 2038 1077 2095 Anti-

102 2143 107 2154 ·
173 2135 281 2192 genum
295 2117 482 2192 comparavit.
524 2116 610 2181 Quod
625 2135 684 2173 una
704 2127 786 2174 erant
808 2115 982 2174 Macedones
1002 2135 1078 2174 com-

173 2194 272 2269 plures
295 2195 414 2263 nobiles,
440 2195 470 2250 in
496 2195 540 2251 his
565 2193 729 2264 Peucestes,
753 2197 804 2271 qui
831 2196 958 2270 corporis
982 2205 1078 2252 custos

174 2270 269 2328 iuerat
294 2272 465 2342 Alexandri,
490 2283 552 2329 tum
577 2283 674 2330 autem
696 2274 842 2330 obtinebat
866 2273 1023 2344 Persidem,
1051 2282 1079 2330 et

174 2349 345 2425 Antigenes,
357 2351 443 2426 cujus
457 2352 511 2408 sub
522 2351 643 2428 imperio
654 2352 779 2428 phalanx
791 2362 853 2408 erat
868 2351 1077 2409 Macedonum:

173 2426 312 2484 invidiam
323 2447 436 2498 verens,
451 2449 539 2505 quam
553 2441 650 2488 tamen
664 2430 793 2505 effugere
807 2448 862 2487 non
879 2433 977 2506 potuit,
993 2431 1018 2487 si
1033 2449 1078 2506 pe

173 2506 231 2562 tius
245 2505 306 2581 ipse
321 2507 485 2584 alienigena
499 2509 605 2565 summi
625 2509 738 2585 imperii
758 2509 905 2584 potiretur,
920 2527 1008 2584 quam
1031 2507 1079 2565 ulii

135 2591 153 2644 2
175 2583 377 2655 Macedonum,
400 2605 524 2662 quorum
548 2587 588 2643 ibi
612 2598 674 2645 erat
693 2586 855 2655 multitudo,
877 2587 913 2642 in‘
932 2586 1080 2662 principiis

173 2663 288 2720 nomine
300 2663 462 2721 Alexandri
476 2666 574 2722 statuit
588 2665 819 2734 tabernaculum,
830 2666 858 2720 in
870 2684 961 2740 eoque
976 2665 1079 2722 sellam

174 2760 293 2799 auream
318 2761 386 2799 cum
408 2753 521 2819 sceptro
547 2763 582 2800 ae
606 2743 768 2801 diademate
788 2744 875 2820 jussit
899 2744 974 2820 poni,
989 2761 1080 2818 eoque

172 2839 273 2879 omnes
292 2820 418 2898 quotidie
432 2822 596 2890 convenire,
612 2833 643 2879 ut
664 2823 703 2878 ibi
718 2823 754 2879 de
768 2822 890 2884 summis
909 2821 997 2879 rebus
1014 2840 1079 2879 con·

173 2900 240 2958 eilia
264 2909 458 2977 caperentur3
484 2899 614 2969 eredens,
636 2901 746 2957 minore
771 2919 802 2957 se
827 2899 936 2957 invidia
961 2899 1030 2968 sore,
1056 2901 1080 2957 si

173 2980 270 3055 specie
285 2980 397 3056 imperii
412 2979 592 3055 nominisque
601 2978 782 3036 simulatione
795 2979 957 3035 Alexandri
971 2977 1080 3035 bellum

105 3062 107 3067 '
136 3058 321 3116 divideretur
345 3057 556 3115 administrare.
608 3057 693 3123 Quod
718 3067 747 3114 et
771 3055 849 3114 fecit.
891 3057 970 3113 Nam
990 3075 1080 3133 quum

174 3153 230 3190 non
248 3137 284 3192 ad
307 3137 450 3194 Eumenis
470 3137 621 3214 principia,
636 3135 686 3193 sed
708 3136 743 3192 ad
765 3137 845 3212 regia
867 3137 1080 3204 conveniretur,

176 3222 262 3286 atque
277 3215 316 3269 ibi
341 3216 376 3271 de
398 3217 483 3272 rebus
504 3215 721 3284 deliberaretur,
737 3214 948 3290 quodammodo
965 3213 1080 3282 latebat,

174 3308 264 3365 quum
280 3301 375 3348 tamen
391 3311 443 3368 per
456 3313 523 3350 eum
538 3313 629 3352 unum
643 3304 814 3370 gererentur
827 3294 934 3350 omnia.

139 3374 151 3427 l
215 3366 296 3424 VIII.
320 3368 428 3425 Hicin
451 3371 606 3430 Paraetacis
621 3391 688 3430 cum
711 3373 858 3447 Antigono
872 3371 1010 3440 conflhrh,
1026 3389 1080 3426 non

175 3446 239 3504 acie
260 3447 411 3514 instructa,
426 3448 476 3503 sed
498 3451 528 3504 in
542 3451 662 3507 itinere:
685 3468 812 3526 eumque
832 3449 908 3508 male
930 3460 1082 3524 acceptum

174 3526 205 3582 ln
230 3523 359 3583 Mediam
373 3525 532 3582 hiematum
556 3530 651 3605 coegit
675 3529 780 3585 redire.
823 3528 888 3606 lpse
909 3529 938 3584 in
960 3528 1080 3585 finitima

170 3605 293 3680 regione
314 3601 440 3662 Persidis
458 3603 617 3664 hiematum
632 3607 730 3682 copias
743 3605 849 3676 divisit,
864 3625 921 3666 non
937 3615 969 3664 ut
982 3605 1083 3675 voluit,
