2378 4036
189 270 232 326 44
471 259 511 323 X.
555 267 585 335 5,
602 266 631 322 6.
677 259 796 340 (Dion.)

185 405 383 481 deducerent),
397 415 428 462 ut
440 425 473 463 se
492 405 530 463 de
551 406 698 481 superiore
718 416 799 481 parte
820 407 923 464 edium
933 407 1041 465 tle'ecs
1107 428 1185 468 ..a

186 496 270 559 atque
285 483 325 540 ita
337 483 487 540 interierit.
528 484 590 541 Sed
603 484 672 541 illuc
687 495 823 542 revertor.

149 569 161 622 l
225 563 263 620 V.
285 562 440 636 Postquam
454 562 622 619 Corinthum
634 563 767 637 pervenit
781 563 858 620 Dion
870 576 899 621 et
909 564 1014 621 eodem
1023 584 1087 641 per,

207 667 245 707 357
303 640 376 716 sugit
396 640 580 711 Heraclides,
599 641 752 698 abeodem
772 643 910 717 expulsus
932 643 1086 719 Dionysio,

103 762 112 772 ,
186 727 206 756 ⁸
219 717 244 759 ⁰·
256 725 278 754 ¹²·
303 721 351 795 qui
365 719 516 794 praefectus
530 719 623 775 fuerat
637 720 779 794 equitum3
804 721 881 778 omni
896 722 1007 778 ratione
1026 723 1086 780 bel·

146 800 164 854 2
185 798 244 855 lum
266 816 432 873 comparare
453 808 610 872 coeperunt.
653 798 715 854 Sed
733 816 791 855 non
813 799 931 855 multum
954 800 1086 874 proficie-

185 877 261 947 bant,
292 877 368 951 quod
402 877 553 932 multorum
588 894 726 932 annorum
759 877 888 951 tyrannis
919 894 1084 953 magnarum

185 973 270 1030 opum
283 957 440 1030 putabatur.
482 955 576 1020 Quam
590 955 626 1010 ob
641 973 758 1011 causam
770 955 856 1029 pauci
866 955 903 1012 ad
917 955 1080 1018 societatem

146 1035 164 1088 3
185 1034 307 1108 periculi
321 1033 557 1109 perducebantur.
599 1033 661 1088 Sed
676 1033 763 1102 Dion,
776 1032 866 1090 fretus
880 1051 938 1090 uon
951 1044 1010 1091 tem
1024 1035 1082 1092 sun

186 1112 288 1187 copiis,
302 1130 386 1186 quam
406 1111 472 1168 odio
492 1111 614 1186 tyranni,
634 1111 757 1167 maximo
778 1112 872 1168 animo
886 1111 997 1169 duabus
1018 1131 1073 1172 one

186 1191 268 1247 rariis
292 1191 413 1247 navibus
438 1188 640 1263 quinquaginta
661 1207 798 1245 annorum
818 1191 1085 1265 imperiummuni·

184 1279 243 1325 tum
256 1268 419 1343 quingentis
440 1268 535 1342 longis
554 1266 684 1336 navibus,
699 1268 801 1324 decem
822 1268 956 1343 equitum,
972 1279 1085 1327 centum

185 1347 313 1422 peditum
327 1347 452 1414 milibus,
466 1345 611 1420 profectus
631 1357 834 1421 oppugnatum,
849 1347 937 1423 (quod
952 1347 1084 1407 omnibus
1175 1408 1178 1412 ,

185 1427 317 1501 gentibus
344 1424 509 1481 admirabile
531 1434 576 1480 est
589 1424 694 1498 visum)
709 1425 782 1481 aden
801 1425 889 1483 facile
909 1426 1042 1501 perculit,
1056 1438 1085 1484 ut

184 1514 250 1579 post
269 1505 347 1561 diem
365 1503 486 1571 tertium,
501 1521 585 1575 quam
606 1501 740 1559 Siciliam
760 1504 900 1578 attigerat,
922 1505 1084 1579 Syracusas

170 1582 337 1670 &wll-
377 1582 499 1654 Exque
520 1580 643 1656 intelligi
657 1591 761 1655 potest,
775 1583 885 1649 nullum
905 1601 974 1640 esse
995 1583 1085 1658 impe·

146 1664 164 1716 4
185 1679 259 1718 rrum
277 1672 375 1731 tutum,
396 1660 454 1716 nisi
477 1659 679 1715 benevolentia
699 1661 846 1716 munitum.
888 1661 934 1717 Eo
956 1671 1084 1736 tempore

185 1741 283 1797 aberat
297 1739 466 1815 Dionysius
481 1748 511 1794 et
524 1738 554 1793 iu
569 1737 652 1794 ltalia
672 1739 799 1794 classem
812 1739 1023 1814 opperiebatur,
1038 1740 1085 1797 ed·

185 1820 377 1876 versariorum
394 1828 472 1874 ratus
490 1817 635 1872 neminem
657 1817 720 1873 sine
741 1818 854 1892 magnis
879 1818 973 1891 copiis
995 1819 1032 1875 ad
1052 1837 1084 1876 se

146 1900 342 1954 5venturum.
385 1898 517 1962 Quaeres
533 1913 598 1950 eum
612 1894 724 1951 fefellit.
767 1895 843 1951 Nam
858 1896 936 1952 Dion
950 1896 989 1953 iis
1003 1897 1085 1972 ipsis,

185 1975 233 2050 qui
261 1979 314 2032 sub
342 1975 499 2032 adversarii
526 1973 637 2029 fuerant
664 1984 815 2048 potestate,
840 1974 937 2048 regios
967 1976 1084 2049 spiritus

185 2054 333 2127 repressit,
346 2054 489 2124 totiusque
505 2052 568 2125 ejus
589 2053 677 2125 partis
700 2052 809 2108 Siciliae
830 2053 935 2127 potitus
954 2064 1009 2122 est,
1023 2073 1086 2127 quae

186 2132 239 2187 sub
254 2130 390 2204 Dionysii
404 2139 544 2202 potestate
559 2127 668 2199 fuerat;
683 2131 801 2204 parique
812 2131 896 2187 modo
907 2131 987 2188 urbis
999 2133 1086 2206 Syra.-

186 2227 327 2276 cusarum,
346 2218 447 2282 praeter
468 2225 564 2262 arcem
585 2217 614 2263 et
635 2208 759 2265 insulam
777 2209 939 2284 adjunctam
960 2210 1086 2285 oppido;

147 2289 164 2342 6
186 2304 278 2359 eoque
292 2304 354 2349 rem
367 2283 508 2358 perduxit,
519 2296 549 2340 ut
562 2286 666 2342 talibus
681 2287 862 2360 pactionibus
876 2305 981 2361 pacem
991 2298 1086 2363 tyran·

185 2383 239 2421 nus
267 2363 364 2420 facere
389 2363 493 2418 vellet:
527 2362 660 2420 Siciliam
689 2365 766 2421 Dion
794 2366 944 2439 obtineret,
973 2367 1082 2424 Italian

187 2441 355 2516 Dionysius,
372 2442 533 2515 Syracusas
548 2443 757 2516 ApollocrateS‚
772 2444 819 2500 oui
832 2443 987 2503 maximam
1000 2445 1087 2503 fidem

185 2520 235 2577 uni
248 2519 372 2576 habebat
387 2519 502 2596 [Dion].

149 2603 162 2655 1
225 2598 278 2657 VI.
301 2599 364 2655 Has
378 2609 436 2654 tam
448 2617 601 2672 prosperas
615 2609 727 2673 tamque
742 2600 904 2676 inopinatas
919 2619 967 2658 res
983 2619 1088 2661 conse.-

159 2680 165 2692 '
186 2687 252 2734 cota
266 2687 311 2733 est
324 2677 418 2734 subita
432 2678 621 2747 commutatio,
636 2678 711 2751 quod
725 2678 836 2735 fortuna
850 2685 902 2736 sua
915 2680 1087 2750 mobilitate,

146 2759 164 2812 2
185 2775 271 2830 quem
283 2757 380 2832 paullo
393 2766 459 2812 ante
474 2757 623 2826 extulerat,
637 2757 805 2832 demergere
821 2767 866 2815 est
880 2757 988 2814 adorta.
1024 2759 1088 2817 Pri·

185 2854 262 2894 mum
285 2836 316 2892 in
336 2835 406 2904 filio,
429 2834 464 2891 de
489 2854 545 2908 quo
567 2836 788 2892 commemoravi
807 2854 901 2910 supra,
924 2855 1008 2894 suam
1029 2837 1089 2895 vim

186 2915 324 2972 exercuit.
356 2914 432 2970 Nam
442 2932 528 2987 quum
541 2931 659 2970 uxorem
669 2912 841 2983 reduxisset,
852 2933 914 2987 que
929 2915 981 2975 alii
994 2915 1089 2974 fuerat

184 2994 295 3064 tradita,
309 2993 454 3067 filiumque
476 2993 564 3049 vellet
583 3010 721 3048 revocare
742 2991 778 3048 ad
792 2991 925 3051 virtutem
943 2994 1089 3068 aperdita

184 3073 305 3142 luxuria,
320 3073 438 3146 accepit
453 3070 654 3146 gravissimum
673 3089 778 3144 parens
792 3071 895 3128 vulnus
917 3084 1008 3128 morte
1023 3073 1087 3131 filii.

147 3151 164 3204 3
186 3149 301 3206 Deinde
316 3161 377 3206 orta
391 3150 535 3207 dissensio
550 3158 595 3205 est
609 3148 683 3204 inter
697 3167 762 3204 eum
776 3158 805 3204 et
820 3149 1018 3219 Heraclidem,
1028 3151 1090 3224 qui,

185 3226 260 3298 quod
284 3227 475 3300 principatum
495 3246 553 3284 non
578 3227 764 3296 concedebat,
789 3226 944 3284 sectionem
972 3246 1087 3303 compa·

185 3302 266 3358 ravit.
308 3304 411 3377 Neque
426 3305 452 3360 is
466 3306 561 3362 minus
576 3306 690 3362 valebat
703 3305 778 3380 apud
792 3306 953 3380 optimates,
964 3307 1086 3381 quorum

186 3399 331 3438 consensu
349 3393 469 3455 praeerat
489 3383 587 3451 classi,
601 3403 688 3456 quum
708 3384 786 3440 Dion
807 3382 968 3441 exercitum
981 3384 1087 3458 pedes·

148 3464 163 3518 l
186 3469 258 3516 trem
271 3468 403 3534 teneret-¹
433 3460 500 3516 Non
514 3461 578 3516 tulit
597 3461 653 3518 hoc
674 3463 768 3518 animo
783 3480 862 3536 aequo
878 3461 966 3533 Dion,
981 3472 1011 3519 et
1024 3481 1087 3521 rer-

185 3557 249 3597 sum
263 3537 344 3596 illum
359 3537 480 3594 Homeri
494 3539 590 3595 retulit
604 3557 640 3596 ex
661 3540 791 3597 secunda
806 3539 971 3614 rhapsodia,
984 3541 1017 3607 in
1030 3558 1086 3616 quo
