2378 4036
236 259 345 331 XXV.
389 269 437 337 ll,
456 269 503 327 12.
544 262 597 346 (Τ.
613 262 810 348 Pomponius
824 265 972 349 Atticas.)
998 274 1058 334 10⁸

149 413 186 473 <ie
204 415 430 492 proscriptorum
444 434 565 475 numero
585 435 738 476 exemisse.
783 419 838 488 Ac,
852 437 889 478 ne
903 419 979 497 quod
999 421 1059 514 [in]

149 492 314 570 periculum
333 494 484 564 incideret,
507 495 582 571 quod
607 505 694 554 noctu
718 497 814 568 fiebat,
840 498 1007 574 praesidium
1031 519 1059 558 er

148 572 236 631 misit.
267 571 319 630 Sic
332 572 450 631 Atticus
463 574 494 630 in
508 593 622 632 summo
632 575 734 633 timore
748 594 805 634 uon
819 576 913 635 solum
927 578 991 649 sibi,
1005 578 1056 637 sed
1078 582 1095 638 ἐ

146 651 235 710 otiam
248 651 286 721 ci,
300 669 389 726 quem
403 652 587 710 carissimum
601 653 735 724 babebat,
750 655 883 732 praesidio
897 655 962 723 suit.
997 657 1057 716 Ne·

147 749 205 806 que
219 729 298 788 anim
314 748 374 786 sua
388 730 481 789 solum
496 750 514 789 a
527 750 673 808 quoquam
694 733 837 791 auxilium
851 735 932 811 petiit
944 735 1056 806 salutis,

146 807 197 866 sed
211 808 406 884 conjunctim:
428 819 460 868 ut
474 820 634 886 appareret,
649 810 761 869 nullam
775 822 937 888 sejunctam
951 814 1006 872 sibi
1019 815 1057 872 ab

146 905 182 944 eo
192 887 267 946 velie
282 886 435 948 fortunam.
478 887 565 954 Quod
578 889 603 946 si
616 889 793 967 gubernator
807 892 954 968 praecipua
968 892 1055 952 laude
1075 899 1094 952 6

147 963 249 1036 fertur,
263 965 315 1042 qui
337 984 443 1025 navem
458 985 495 1047 ea
519 967 615 1025 hieme
630 968 762 1045 marique
773 969 923 1045 scopuloso
941 982 1054 1030 servat:

146 1062 201 1104 cur
222 1063 279 1103 uon
302 1045 462 1122 singularis
484 1046 549 1122 ejus
572 1046 752 1104 existimetur
773 1047 932 1124 prudentia,
946 1049 998 1125 qui
1018 1069 1054 1109 ex

145 1131 185 1181 tot
197 1132 315 1259 tamqtpe
326 1124 466 1200 gravibus
480 1124 616 1201 procellis
629 1125 764 1184 civilibus
777 1125 813 1183 ad
827 1127 1054 1186 incolumitatem

182 1202 276 1260 rvenit

145 1221 237 1339 peXI.
260 1280 377 1347 Quibus
389 1300 426 1338 ex
440 1281 525 1339 malis
539 1290 571 1339 ut
584 1301 615 1338 se
629 1293 794 1354 emerserat,
804 1283 875 1342 nihil
891 1283 970 1341 aliud
983 1285 1052 1363 egit,
1075 1293 1090 1346 1

144 1378 233 1435 quam
257 1370 290 1418 ut
313 1360 455 1437 plurimis,
470 1361 576 1436 quibus
600 1361 687 1419 rebus
710 1371 812 1438 posset,
833 1372 909 1421 esset
932 1364 1051 1423 auxilio.

145 1438 246 1504 Quum
260 1439 432 1516 proscriptos
446 1440 572 1515 praemiis
592 1440 794 1516 imperatorum
816 1441 922 1519 vulgus
934 1444 1052 1520 conqui-
1159 1442 1173 1497 C

145 1526 228 1587 reret,
243 1518 372 1599 Quin
387 1517 511 1594 Epirum
525 1519 612 1588 venit,
627 1519 677 1593 qui
696 1537 743 1576 res
757 1519 818 1577 ulla
836 1519 980 1595 dQIili
1002 1540 1051 1580 ne·
1082 1533 1128 1547 ···
1166 1560 1173 1586 ,

144 1597 215 1662 mini
229 1615 286 1654 noo
299 1596 340 1654 ibi
354 1606 492 1672 perpetuo
505 1596 641 1655 manendi
660 1607 783 1673 potestas
804 1598 881 1655 faeta
896 1609 948 1657 est.
990 1599 1052 1666 Qui
1072 1605 1092 1660 Β

143 1675 232 1732 etiam
246 1684 308 1752 post
331 1675 469 1752 proelium
483 1675 585 1751 >Philip
623 1694 672 1732 nse
687 1677 890 1752 interitumque
904 1677 939 1735 C.
954 1677 1049 1737 Cassii

142 1761 172 1810 et
196 1751 238 1811 M.
260 1753 345 1813 Bruti
365 1752 403 1811 L.
423 1753 536 1812 lulium
592 1754 719 1823 ccillam,
743 1756 917 1829 praetorium,
938 1755 1052 1831 atejus
1095 1802 1103 1815 „

144 1831 245 1902 filium,
261 1832 433 1909 Aulumque
455 1833 646 1910 Torquatum,
662 1843 830 1909 ceterosque
852 1833 915 1909 pari
938 1832 1052 1893 furtum

145 1911 300 1985 perculsos,
324 1912 479 1985 Quaerit
502 1912 590 1982 tueri,
614 1919 700 1988 atque
725 1929 761 1968 ex
787 1911 877 1987 Epiro
898 1911 943 1968 bis
956 1912 1052 1972 omnia

45 2002 51 2027 t
144 1988 373 2048 Samothraciam
393 1991 556 2068 supportari
570 1991 700 2067 jusserit.
742 1989 869 2048 Difficile
890 1999 941 2060 est,
955 1991 1052 2050 omnia
1072 1997 1090 2050 3

144 2069 287 2145 persequi,
301 2078 331 2126 et
350 2088 407 2127 non
421 2070 629 2128 necessarium.
670 2068 747 2127 Illud
761 2087 853 2126 unum
867 2068 990 2146 intelligi
1003 2087 1051 2128 vo·

144 2145 250 2218 lamus,
270 2147 351 2205 illius
372 2148 576 2207 liberalitatem
599 2166 694 2225 neque
719 2148 931 2224 temporariam,
957 2166 1051 2226 neque

144 2225 279 2284 callidam
295 2225 395 2285 fuisse.
436 2226 520 2286 Idex
541 2227 612 2303 ipsis
625 2228 713 2284 rebus
733 2245 770 2285 ac
783 2227 958 2304 temporibus
973 2226 1049 2303 judi.
1070 2233 1088 2286 4

144 2305 206 2362 cari
219 2314 320 2382 potest,
331 2305 407 2382 quod
421 2323 478 2364 non
492 2306 659 2364 florentibus
672 2325 704 2363 se
718 2305 884 2376 venditavit,
899 2306 950 2364 sed
961 2306 1050 2365 afflie-

144 2383 179 2440 tis
192 2401 308 2460 semper
320 2385 485 2443 succurrit:
526 2384 556 2442 ui
590 2383 687 2442 uidem
705 2385 869 2455 Serviliam,
884 2385 967 2443 Bruti
989 2403 1049 2442 ma·

144 2469 225 2533 tram,
239 2480 297 2520 non
311 2462 407 2520 minua
427 2473 490 2540 post
505 2472 626 2521 mortem
640 2467 712 2539 ers,
726 2481 815 2540 quam
829 2464 956 2534 florente,
971 2462 1049 2522 colu-

143 2540 208 2597 erit.
248 2540 300 2598 Sic
324 2540 499 2600 liberalitate
522 2550 607 2600 utens
628 2541 726 2600 nullas
752 2541 917 2600 inimicitias
942 2543 1049 2620 gessit:
1069 2546 1089 2601 5

142 2617 219 2695 quod
233 2637 328 2696 neque
342 2619 464 2679 tedebat
483 2638 669 2697 quemquam,
684 2639 788 2698 neque,
803 2621 828 2678 si
846 2639 936 2698 quarn
949 2621 1049 2697 injuri-

144 2716 192 2754 am
217 2699 523 2775 accepcmt.malebat
547 2698 660 2770 ulcisci,
675 2718 764 2775 quam
787 2699 929 2757 oblivisci.
969 2698 1049 2758 ldem

144 2775 299 2834 immortali
321 2777 461 2836 memoria
485 2787 620 2855 percepta
641 2778 782 2836 retinebat
802 2778 962 2849 beneficia;
983 2795 1051 2853 quta

144 2867 241 2914 autem
254 2856 316 2932 ipse
330 2856 479 2928 tribuerat,
491 2855 602 2916 tamdiu
615 2858 795 2926 meminerat,
809 2855 904 2932 quoad
918 2855 968 2912 ille
981 2872 1048 2931 gra·

143 2941 190 2991 tus
202 2943 274 3006 erat,
286 2935 337 3011 qui
352 2945 514 3012 acceparat.
540 2935 641 3012 ltaque
656 2935 703 2993 hic
718 2933 794 3004 fecit,
809 2943 841 2992 ut
855 2951 924 2990 vere
938 2931 1050 2990 dictum
1069 2937 1089 2991 θ

144 3010 293 3072 videatur:
307 3082 310 3089 Ι
323 3011 378 3070 Sui
395 3016 493 3090 aar'que
513 3032 605 3072 morea
618 3013 734 3093 fingunt
743 3010 903 3092 somenam.
944 3009 1051 3086 Neque

143 3099 239 3149 tamen
253 3092 334 3170 prius
348 3091 399 3150 ille
413 3091 567 3162 fortunam,
581 3110 670 3168 quam
684 3111 715 3149 se
729 3092 801 3167 ipse,
816 3088 915 3146 finxit:
936 3089 988 3164 qui
1001 3107 1049 3148 oa·

144 3170 193 3241 rit,
208 3171 363 3246 usquein
377 3189 409 3229 re
419 3170 487 3247 jure
501 3171 685 3247 plecteretur.

182 3247 251 3308 ΧΠ.
272 3248 329 3308 His
342 3249 432 3328 igitur
446 3250 534 3308 rebus
547 3247 651 3329 eil‘ecit,
666 3255 698 3304 ut
712 3245 754 3303 M.
770 3245 929 3323 Vipsanius
943 3247 1049 3327 Agrip-
1072 3253 1087 3306 1

144 3345 189 3402 pa,
202 3327 307 3386 intima
326 3326 522 3386 familiaritate
535 3324 711 3404 coniunctus
732 3323 907 3384 adolescenti
930 3326 1050 3395 Casan,

143 3423 234 3480 quum
248 3415 363 3483 propter
371 3425 455 3464 suam
469 3406 594 3484 gratiam
602 3415 632 3464 et
641 3404 766 3464 (laseris
777 3406 931 3480 potentiam
940 3405 1052 3463 nullius

22 3528 70 3605 Ἰ·
143 3483 518 3622 ῧοηάίῐέοὲιέῃξὲῗθὴαδοῐοτ
535 3493 712 3638 χέωειῒζῐεῐη,
727 3483 906 3620 pottiisssiRnLum
919 3480 1053 3616 ejufislipg

165 3581 236 3640 gers
398 3581 438 3634 m,
452 3580 547 3639 praeop
578 3580 609 3620 re
640 3580 678 3620 ue
699 3580 768 3639 equr
864 3580 943 3619 mam
1031 3632 1038 3646 ·

45 3618 50 3633 b

142 3631 624 3720 musarum-nuptiisfftque
645 3639 751 3699 barum
771 3640 938 3716 nuptiarum
957 3650 1053 3695 carica
1072 3636 1091 3686 Β
