2378 4036
258 261 367 329 XXV.
410 271 436 328 1.
479 264 532 348 (Τ.
548 263 746 351 Pomponius
759 267 908 351 Atticos.)
994 276 1037 335 W

131 415 231 476 multis
251 426 377 475 tentatus
400 437 455 477 non
478 418 560 478 modo
581 420 696 480 nullum
717 420 920 481 detrimentum
940 424 1037 482 existi·

131 497 265 555 metionis
279 495 356 567 iecit,
370 497 430 568 sed,
445 499 540 574 quoad
554 500 635 569 vixit,
650 500 790 558 virtutum
805 502 892 559 laude
906 503 1009 561 crevit.

169 573 222 634 Ill.
245 574 426 634 Iit-omnibus
440 577 527 635 rebus
541 578 683 654 singulari
698 578 752 636 suit
772 580 925 655 prudentia
945 591 974 639 et
994 582 1036 640 in·
1059 587 1074 640 l

129 655 251 714 dustria.
287 653 367 712 Nam
380 664 409 712 et
423 656 552 732 agricola
565 657 677 728 sollers,
692 667 721 716 et
735 659 903 735 reipublice
917 661 1034 736 peritus,

128 744 159 792 et
178 734 256 810 juris
278 734 438 804 consultus,
453 744 483 792 et
501 753 627 812 magnus
649 737 812 812 imperator,
821 748 855 812 et
881 736 1036 814 probabilis

128 826 233 882 orator,
245 822 274 870 et
284 811 489 889 cupidissimus
502 813 664 871 litterarum
680 814 742 872 fuit.
764 815 897 879 Quarum
908 817 1034 876 studium
1056 823 1075 877 2

128 894 181 951 etsi
194 891 291 949 senior
302 891 474 967 arripuerat,
489 901 586 949 tamen
612 903 725 950 tantum
749 912 934 971 progressum
956 895 1033 967 fecit,

130 981 161 1030 ut
184 988 241 1028 non
262 968 349 1027 facile
364 971 492 1045 reperire
582 962 735 1047 iubaque
747 972 782 1030 de
804 972 925 1043 Graecis,
940 993 1035 1050 neque

126 1039 288 1109 deltalicis
308 1049 404 1117 rebus,
418 1048 494 1123 quod
514 1067 542 1107 er
572 1060 652 1138 Qut
674 1051 863 1128 incognitum.
906 1053 954 1110 Ab
969 1053 1033 1112 ado-

129 1127 267 1187 lescentia
291 1124 417 1184 confecit
440 1128 593 1184 orationes.
634 1128 731 1187 Senex
751 1129 885 1188 historias
905 1132 1074 1191 scribered

129 1207 257 1275 instituit,
272 1223 397 1281 quarum
420 1216 487 1263 sunt
511 1206 577 1263 libri
602 1217 721 1283 septem.
773 1207 887 1266 Primus
909 1211 1035 1268 continet

129 1303 173 1343 res
193 1294 291 1362 gestas
312 1301 415 1360 regum
435 1285 533 1361 populi
554 1284 697 1359 Romani;
720 1287 867 1345 secundus
880 1289 1034 1358 ettertius,

128 1363 203 1421 unde
216 1380 340 1438 quaequa
354 1363 459 1420 civitas
471 1373 534 1421 orta
547 1364 585 1420 sit
605 1363 725 1423 Italica:
746 1366 782 1423 ob
796 1385 884 1442 quarn
899 1385 960 1424 rem
974 1386 1032 1426 om-

126 1459 177 1500 nes
191 1440 328 1518 Origines
339 1440 453 1498 videtur
463 1442 635 1518 appellasse.
656 1442 689 1501 ln
700 1454 803 1519 quarto
815 1455 912 1502 autem
924 1445 1033 1504 bellum

126 1520 278 1579 Poenicum
298 1521 444 1596 primum3
467 1521 498 1576 in
522 1521 622 1595 quinto
637 1523 809 1580 secundum.
852 1524 951 1600 Atque
969 1525 1032 1583 haec
1054 1529 1072 1583 l

125 1600 222 1656 omnia
242 1598 424 1675 capitulatim
444 1609 512 1657 sunt
533 1599 621 1657 dicta.
664 1599 847 1676 Reliquaque
868 1602 945 1660 bella
1007 1603 1032 1660 ri

125 1677 208 1734 modo
231 1687 401 1755 persecutus
415 1687 467 1748 est,
483 1696 576 1752 usque
599 1678 635 1735 ad
659 1689 814 1754 praeturam
840 1679 903 1736 Ser.
920 1680 966 1738 Ga
980 1682 1031 1751 bae,

123 1756 174 1832 qui
187 1756 306 1833 diripuit
325 1755 491 1814 Lusitanos.
534 1757 633 1832 Atque
655 1758 758 1813 horum
779 1757 921 1815 bellorum
943 1758 1033 1816 duces

123 1852 180 1891 non
194 1834 362 1904 nominavit,
374 1834 425 1891 sed
436 1836 500 1893 sine
511 1834 675 1890 nominibus
690 1853 736 1892 res
747 1835 865 1892 notavit.
888 1834 921 1893 ln
930 1835 1031 1894 iisdem

123 1914 264 1989 exposuit,
280 1930 346 1988 quae
371 1913 401 1970 in
421 1912 507 1971 ltalia
530 1911 738 1988 Hispaniisque
753 1913 922 1971 viderentur
943 1912 1030 1972 admi-

124 1990 225 2048 randa.
265 1989 298 2049 ln
312 1991 419 2067 quibus
433 1991 526 2048 multa
540 1991 683 2048 industria
696 2000 725 2049 et
745 1990 896 2069 diligentia
916 2010 1030 2069 compa·

124 2079 175 2138 ret,
190 2069 282 2127 multa
294 2068 436 2128 doctrina.
480 2069 579 2145 Hujus
593 2069 629 2127 de
644 2071 703 2128 vita
715 2079 743 2127 et
758 2071 886 2128 moribus
900 2070 986 2147 plura
1000 2071 1030 2129 ln
1051 2075 1070 2129 b

122 2165 157 2204 eo
170 2148 244 2206 libro
253 2149 399 2224 persecuti
413 2167 525 2217 snmus,
536 2167 623 2224 quem
637 2150 794 2225 separatim
808 2149 844 2207 de
859 2167 893 2206 eo
908 2149 1031 2209 fecimus

123 2235 223 2302 rogatu
245 2225 305 2284 Titi
320 2225 467 2302 Pomponii
482 2228 585 2286 Attici.
626 2226 727 2292 Quare
751 2228 892 2286 studiosos
912 2228 1031 2288 Catonis

122 2303 158 2362 ad
171 2304 244 2362 illud
259 2304 394 2362 volumen
408 2305 596 2382 delegamus

416 2527 723 2536 -——-—--—--—-——·

130 2697 248 2776 XXV.
303 2702 350 2776 Τ.
378 2701 720 2777 POMPONIUS
747 2702 1035 2779 ATTIOUS.

160 3012 183 3071 l.
209 3012 242 3071 Τ.
263 3012 435 3088 Pomponius
458 3013 580 3084 Atticas,
600 3015 637 3071 ab
664 3014 775 3088 origine
804 3013 907 3070 ultima
932 3013 1029 3090 stirpis
1050 3020 1065 3075 l
1156 3097 1158 3100 Ι

43 3101 53 3115 ·
123 3090 261 3150 Romanae
287 3104 452 3170 generatus,
482 3104 620 3171 perpetuo
648 3110 665 3148 a
692 3090 851 3165 majoribus
878 3101 1028 3166 acceptam

121 3181 283 3246 equestrem
297 3172 420 3229 obtinuit
434 3171 614 3247 dignitatem.
637 3167 723 3225 Patre
738 3186 809 3224 usus
823 3177 867 3226 est
879 3167 1025 3246 diligente,
1047 3176 1066 3230 2

121 3248 296 3325 indulgente,
311 3259 349 3319 et,
365 3261 396 3307 ut
410 3261 471 3307 tum
486 3259 570 3305 erant
593 3258 732 3321 tempora,
746 3245 807 3315 diti,
829 3247 1027 3326 imprimisque

122 3326 246 3384 studioso
271 3328 443 3385 litterarum.
486 3326 554 3396 Hic,
579 3335 663 3400 prout
687 3325 748 3398 ipse
770 3325 884 3384 amabat
907 3327 1025 3398 litteras,

121 3406 253 3462 omnibus
266 3405 412 3475 doctrinis,
427 3406 533 3480 quibus
553 3403 674 3480 puerilis
688 3413 758 3460 aetas
779 3405 917 3480 impertiri
932 3406 1026 3476 debet,

123 3482 214 3540 filiurn
224 3483 359 3542 erudivit.
382 3484 455 3542 Erat
470 3493 566 3540 eutem
581 3482 611 3537 in
625 3499 723 3556 puero,
732 3494 837 3558 praeter
850 3483 1025 3541 docilitatem
1044 3486 1064 3541 8

123 3560 240 3639 ingenii,
253 3579 368 3620 summa
380 3561 511 3619 suavitas
524 3561 582 3617 oris
599 3578 634 3618 ac
648 3560 736 3630 vocis,
752 3570 782 3618 ut
801 3578 857 3618 non
871 3561 964 3618 solum
977 3576 1025 3633 oe·

122 3635 223 3715 iupiter
233 3638 390 3718 acciperet,
403 3656 471 3717 quas
476 3637 672 3726 tradebantur,
687 3638 836 3713 sedetiam
848 3636 1027 3714 excellenter·
1113 3673 1121 3687 ·
