2378 4036
192 242 236 303 04
377 237 500 305 XXIII.
546 246 659 314 11‚12.
706 224 936 322 (Hannibal.)-

150 394 167 444 5
188 408 295 466 casque
314 391 346 449 iu
359 409 430 458 rasa
444 391 545 449 fictilia
557 393 672 468 conjici,
714 391 830 450 Harum
849 412 939 469 quum
953 393 1092 455 confecia·

187 477 232 526 set
255 487 391 547 magnam
414 469 636 541 multitudinem,
651 471 698 528 dia
722 472 792 548 ipso,
807 490 864 548 quo
885 470 1017 531 facturus
1029 480 1089 534 erat

187 547 291 605 navale
316 547 461 625 proelium,
477 547 641 606 classiarios
665 559 812 619 convocat,
828 551 931 626 hisque
952 552 1090 630 praecipit,

186 643 285 683 omnes
300 637 331 684 ut
344 626 374 682 in
389 643 477 683 unam
498 625 640 684 Eumenis
654 628 731 704 regis
750 640 924 686 concurrant
945 647 1058 700 navem,
1074 650 1090 689 a

186 704 290 761 catoris
314 714 426 762 tantum
450 705 520 762 satis
541 705 665 763 habeant
688 725 720 763 se
742 705 906 764 defendere.
947 706 980 765 ld
1003 706 1089 767 facile

146 781 252 839 billos
263 783 439 859 serpentium
453 783 635 842 multitudine
654 795 870 842 consecuturos.
913 785 978 843 Rex
993 796 1089 844 autem
1186 827 1187 830 η

185 860 287 935 inqua
301 880 374 918 nave
389 861 552 932 veheretur,
562 871 600 920 ‘ut
621 862 740 932 scirent,
755 882 787 920 se
812 861 979 937 facturum3
1002 883 1090 940 quem

184 939 209 996 si
224 949 274 997 aut
287 941 438 1016 cepissent,
453 949 503 998 aut
524 939 743 1010 interfecissent,
760 959 867 1018 magno
880 941 925 1000 his
938 943 1088 1019 pollicetur

184 1019 302 1094 praemio
316 1017 387 1076 sore.
458 1033 462 1037 ’

146 1099 161 1152 1
224 1096 276 1155 XI.
299 1095 367 1154 Tali
381 1097 573 1154 cohortatione
589 1097 713 1154 militum
735 1095 822 1168 facta,
837 1097 939 1155 classis
954 1099 990 1155 ab
1006 1101 1088 1157 utris-

183 1193 241 1250 que
265 1176 295 1231 in
320 1175 455 1250 proelium
480 1174 642 1232 deducitur.
685 1174 821 1240 Quarum
842 1176 905 1234 acie
925 1179 1088 1247 constituta,

184 1253 351 1329 priusquam
366 1254 481 1330 signnm
504 1272 609 1330 pugnae
622 1253 748 1323 daretur,
763 1253 921 1324 Hannibal,
938 1265 969 1313 ut
992 1257 1088 1331 palam

184 1330 293 1389 faceret
316 1332 386 1401 suia,
412 1351 469 1407 quo
496 1331 559 1389 loco
580 1331 730 1389 Eumenes
751 1341 826 1389 esset
847 1332 1030 1390 tabellarium
1058 1336 1088 1391 ln

145 1411 163 1464 2
183 1410 291 1486 scapha
313 1429 382 1468 cum
402 1409 530 1467 caduceo
550 1410 645 1468 mittit.
687 1409 748 1476 Qui
763 1409 812 1466 ubi
833 1409 869 1466 ad
883 1429 973 1468 naves
987 1411 1087 1469 adver-

182 1489 323 1546 sariorum
345 1483 490 1564 pervenit,
519 1488 724 1564 epistolamque
751 1487 901 1545 ostendens
928 1508 959 1545 se
988 1508 1087 1565 regem

183 1565 329 1642 professus
351 1577 395 1624 est
416 1584 555 1642 quaerere,
581 1568 676 1624 statim
702 1565 738 1623 ad
760 1564 922 1623 Eumenem
946 1566 1087 1626 deductus

183 1654 235 1715 est,
250 1645 324 1721 quod
338 1645 588 1715 nemodubitabat,
604 1643 713 1721 aliquid
726 1644 762 1703 de
776 1662 847 1721 pace
856 1663 919 1702 csse
934 1645 1085 1721 scriptum.

183 1722 378 1794 Tabellarius,
406 1723 489 1781 ducis
516 1742 590 1782 nove
611 1724 758 1781 declarata
780 1723 851 1792 suis,
873 1723 984 1792 eodem,
1011 1724 1087 1782 unde

143 1804 161 1858 3
182 1802 263 1872 ierat,
278 1822 309 1860 se
325 1802 443 1880 recepit.
486 1803 528 1860 At
541 1801 699 1872 Eumenes,
714 1801 807 1859 soluta
820 1801 949 1878 epistola,
965 1801 1035 1858 nihil
1057 1803 1087 1860 in

181 1900 217 1939 ea
245 1883 359 1958 reperit,
381 1882 437 1938 nisi
464 1880 539 1957 quod
564 1880 600 1938 ad
622 1878 800 1938 irridendum
825 1898 893 1937 eum
919 1880 1085 1957 pertineret.

180 1958 274 2036 Cujus
288 1961 341 2018 etsi
355 1978 475 2018 causam
486 1959 654 2028 mirabatur,
664 1977 758 2034 neque
773 1957 980 2034 reperiebatur,
990 1968 1086 2016 tamen

142 2039 160 2092 4
182 2039 318 2113 proelium
332 2039 427 2096 statim
448 2037 626 2095 committere
644 2055 701 2094 non
724 2036 875 2094 dubitavit.
917 2035 1032 2093 Horum
1056 2037 1085 2094 in

180 2134 326 2174 concursu
340 2115 461 2190 Bithyni
486 2114 661 2173 Hannibalis
681 2124 824 2191 praecepto
839 2115 966 2171 universi
980 2133 1085 2173 novem

180 2192 322 2250 Eumenis
337 2193 516 2251 adoriuntur.
548 2193 682 2258 Quorum
697 2193 757 2250 vim
772 2211 823 2250 rex
838 2211 928 2269 quum
943 2193 1085 2251 sustinere

179 2289 235 2328 non
259 2281 360 2346 posset,
377 2270 447 2348 fuga
468 2272 591 2329 salutem
615 2272 711 2348 petiit:
732 2290 819 2346 quam
842 2280 1015 2329 consecutus
1029 2291 1085 2329 non

179 2359 261 2418 esset,
277 2351 332 2407 nisi
346 2351 484 2407 intrasua
499 2351 632 2426 praesidia
646 2370 677 2407 se
692 2350 857 2426 recepisset,
867 2367 933 2425 quoe
947 2349 977 2405 in
992 2351 1084 2426 proxi-

139 2429 158 2483 b
179 2447 225 2485 mo
245 2428 328 2486 litore
342 2437 425 2486 erant
446 2429 598 2487 collocata.
641 2428 774 2504 Reliqnae
788 2428 975 2504 Pergamenae
996 2446 1085 2486 naves

178 2525 270 2582 quum
285 2506 464 2565 adversarios
479 2517 641 2584 premerent
655 2508 762 2576 acrius,
778 2514 894 2582 repente
905 2507 934 2562 iu
950 2525 1000 2563 eas
1014 2525 1085 2565 vasa
1148 2572 1155 2583 q

177 2584 286 2654 fictilia,
314 2585 349 2642 de
377 2587 482 2661 quibus
509 2606 598 2663 supra
625 2587 800 2643 mentionem
825 2583 956 2653 fecimus,
980 2585 1084 2661 conjici

178 2673 273 2740 coepta
287 2673 364 2722 sunt.
406 2664 482 2730 Quae
493 2665 574 2742 jacta
595 2665 675 2722 initio
690 2665 781 2720 risum
805 2662 1001 2742 pugnantibus
1016 2681 1083 2719 con-

137 2742 156 2798 d
177 2743 312 2812 citarunt,
327 2761 432 2818 neque,
447 2762 537 2819 quare
552 2743 579 2800 id
595 2743 685 2812 lieret,
708 2752 817 2818 poterat
831 2741 963 2817 intelligi.
1005 2738 1082 2798 Post-

176 2841 263 2899 quam
278 2833 374 2880 autem
388 2839 478 2879 noves
492 2821 649 2898 completas
664 2829 876 2898 conspexerunt
890 2819 1082 2896 serpentibus,

175 2920 252 2959 nova
266 2921 297 2959 re
312 2901 464 2978 perterriti,
479 2919 579 2976 quum,
594 2900 664 2976 quid
685 2901 863 2976 potissimum
878 2899 1011 2966 vitarent,
1026 2916 1082 2954 non

176 2980 315 3050 viderent,
330 2999 440 3057 puppes
454 2989 630 3048 averterunt,
640 2997 728 3054 seque
743 2977 779 3036 ad
794 2986 951 3034 anacastra
964 2977 1083 3034 nautica

136 3060 150 3113 ’a
176 3059 348 3117 retulerunt.
381 3059 431 3126 Sic
446 3057 593 3116 Hannibal
609 3058 729 3115 consilio
740 3075 821 3114 arma
836 3053 1082 3132 Pergamenorum

175 3141 339 3212 superavit:
361 3157 455 3214 neque
469 3149 531 3195 tum
546 3137 649 3206 solum,
659 3135 709 3193 sed
724 3154 799 3211 saepe
814 3135 888 3191 alias
902 3131 1082 3209 pedestribus

175 3216 265 3290 copiis
280 3218 342 3290 pari
356 3217 507 3293 prudentia
522 3215 631 3293 pepulit
646 3214 835 3272 adversarios.

139 3295 152 3348 l
217 3292 282 3349 Xll.
305 3293 381 3357 Quae
394 3296 464 3352 dum
479 3297 507 3352 in
525 3296 598 3352 Asia
611 3303 762 3371 geruntur,
778 3290 884 3350 accidit
898 3307 979 3356 casu,
995 3298 1027 3346 ut
1041 3287 1080 3345 le.

174 3371 234 3447 gati
263 3370 372 3428 Prusiae
400 3373 500 3430 Romae
528 3374 603 3449 apud
632 3372 668 3430 L.
695 3371 848 3437 Quintium
873 3368 1080 3443 Flamininum,

175 3449 367 3518 consularem,
379 3462 537 3517 coenarant,
548 3463 634 3527 atque
649 3451 697 3520 ibi,
710 3450 745 3507 dc
760 3447 926 3506 Hannibale
936 3446 1079 3504 mentione

176 3526 262 3599 facta,
276 3545 313 3585 ex
337 3527 382 3585 his
397 3546 472 3586 unus
494 3529 612 3599 diceret,
626 3547 694 3588 eum
718 3529 748 3586 in
770 3527 881 3585 Prusiae
902 3542 992 3602 reguo
1005 3542 1079 3584 essa.

133 3610 155 3663 t
171 3604 207 3664 ld
224 3616 340 3684 postero
353 3605 399 3665 die
413 3605 597 3666 Flamininus
608 3607 725 3666 senatui
744 3604 856 3665 detulit.
899 3603 1000 3662 Petras
1014 3620 1080 3663 con·
