2378 4036
154 273 193 334 ιο
426 267 452 331 1.
475 275 505 344 a,
522 272 551 330 s.
596 264 796 347 (norma.)

111 415 252 474 tfutura.
294 414 361 473 Hoc
385 414 495 472 oraculi
520 431 661 490 responso
685 413 835 471 Miltiades
855 431 922 470 cum
939 412 1055 472 delecta

149 512 236 552 manu
253 494 350 551 classe
365 492 583 551 Chersonesum
603 491 750 567 profectus
768 510 855 566 quum
876 492 1056 551 accessisset

151 572 301 642 Lemnum,
314 581 343 629 et
352 571 503 630 incolas
477 591 540 649 eJus
551 571 655 628 insule
669 572 722 628 sub
735 579 908 647 potestatem
920 571 1055 648 redigere

150 651 242 709 vellet
256 650 487 721 Atheniensium,
501 650 588 725 idque
604 649 719 707 Lemnii
733 669 787 706 sua
800 659 902 726 sponte
916 647 1056 719 facerent,

113 736 130 788 5
151 731 344 806 postulasset:
367 729 411 786 illi
425 729 579 787 irridentes
592 728 811 804 responderunt,
825 738 886 785 turn
899 727 930 786 id
944 747 977 786 se
997 727 1056 786 fac·

151 819 240 879 turos,
255 827 341 883 quum
357 808 417 878 illa,
432 808 516 865 domo
530 807 652 865 navibus
671 807 861 884 proficiscens
875 817 964 864 vento
979 807 1057 882 aqui·

151 887 229 957 lone,
243 887 375 944 venisset
394 887 546 945 Lemnum.
587 885 646 944 Hic
667 885 745 943 euim
758 896 870 956 ventus,
886 886 921 942 ab
940 895 1057 962 septen·

151 966 291 1023 trionibus
310 966 416 1037 oriens,
436 965 588 1022 adversum
605 974 686 1022 tenet
704 963 829 1022 Athenis
847 963 1057 1040 proficiscenti·

114 1049 132 1103 6
152 1045 217 1102 bus.
258 1044 418 1114 Miltiades,
440 1043 570 1102 morandi
591 1053 704 1120 tempus
727 1061 785 1100 non
805 1042 926 1112 habens,
942 1061 1057 1100 cursum

152 1123 337 1199 direxitque
351 1124 496 1194 tendebat,
510 1123 699 1200 pervenitque
715 1122 942 1180 Chersonesum.

116 1206 131 1258 1
193 1202 234 1260 II.
256 1168 532 1292 lbibrevitempore
547 1200 1058 1277 barbarorumcopiisdisjectis‚tota
1118 1231 1121 1237 ·

153 1298 282 1357 regione,
291 1301 376 1357 quarn
386 1281 517 1358 petierat
526 1281 642 1356 potitus,
653 1279 858 1338 locacastellrs
867 1279 974 1336 rdonea
982 1297 1058 1336 conr

152 1359 282 1431 munivit,
304 1360 523 1430 multitudinem,
548 1378 633 1434 quarn
656 1378 757 1416 secum
777 1358 935 1428 duxerat,
926 1376 958 1414 ru
979 1357 1057 1434 agris

114 1443 133 1495 2
155 1438 310 1496 collocavit
312 1401 931 1513 ,crebrisqueexcursionibuslocupletavit
953 1437 1058 1511 Neque

153 1516 248 1574 minus
269 1517 300 1574 in
320 1537 356 1574 ea
374 1536 405 1574 re
427 1517 587 1593 prudentia,
601 1536 686 1591 quam
707 1515 855 1586 felicitate,
870 1515 983 1592 adjutus
1004 1525 1057 1573 est.

154 1595 232 1652 Nam
246 1615 332 1671 quum
341 1596 445 1653 virtute
458 1595 580 1652 militum
592 1594 719 1652 hostium
729 1594 889 1652 devicisset
903 1594 1058 1664 exercitus,

154 1692 266 1734 summa
276 1676 407 1750 aequitate
418 1693 466 1731 res
479 1673 634 1745 constituit,
646 1684 730 1749 atque
744 1674 808 1750 ipse
824 1673 931 1730 ibidem
941 1691 1057 1730 manere

116 1757 134 1811 3
155 1752 295 1812 decrevit.
337 1753 409 1812 Erat
423 1754 501 1811 enirn
514 1753 589 1810 inter
604 1771 655 1810 eos
671 1753 809 1828 dignitate
824 1751 914 1828 regia,
928 1751 1058 1826 quamvis

156 1835 273 1893 carebat
285 1833 420 1903 nomine3
441 1852 536 1908 neque
547 1831 578 1889 id
591 1831 683 1908 magis
698 1831 829 1908 imperio,
837 1834 924 1905 quam
938 1829 1058 1906 justitia,

156 1925 341 1972 consecutus.
383 1877 488 1988 Neque
504 1931 539 1969 eo
559 1910 658 1968 secius
673 1910 911 1979 Atheniensibus,
925 1928 943 1966 a
956 1909 1058 1984 quibus

156 2002 218 2048 erat
235 1992 391 2068 profectus,
405 1991 501 2047 officia
520 1991 681 2066 praestabat.
724 1989 836 2055 Quibus
857 1989 944 2045 rebus
964 1988 1059 2058 fiebat,

156 2079 257 2126 utnon
275 2070 370 2126 minus
388 2086 487 2125 eorum
501 2069 646 2125 voluntate
666 2078 805 2144 perpetuo
824 2067 976 2142 imperium
988 2066 1059 2124 obti-

155 2157 247 2216 neret,
262 2148 311 2221 qui
323 2146 471 2215 miserant,
486 2154 571 2220 qrtsm
584 2147 706 2217 illorum,
722 2165 788 2203 cum
801 2147 903 2221 quibus
919 2156 980 2203 erat
995 2163 1060 2222 pro·
1088 2217 1091 2221 .

118 2229 136 2282 4
156 2189 261 2282 fectui.
283 2224 471 2283 Chersoneso
481 2225 532 2282 tali
542 2225 627 2283 modo
639 2225 801 2297 constituta,
811 2225 954 2283 Lemnum
964 2243 1060 2282 rerer·
1076 2221 1086 2229 ”

156 2302 232 2373 ιιιιιι,
247 2313 277 2361 et
297 2321 335 2362 ex
355 2314 441 2379 pacto
461 2305 595 2380 postulat,
609 2315 640 2361 ιιι
660 2305 716 2362 sibi
732 2305 832 2362 urbem
849 2303 970 2360 tradant.
1012 2301 1060 2362 Illi

157 2381 236 2439 enim
255 2382 396 2453 dixerant,
416 2401 512 2458 quum,
528 2393 614 2440 vento
633 2385 723 2440 borea
742 2383 827 2441 domo
846 2381 1003 2459 profectus,
1025 2400 1060 2440 eo

178 2461 348 2532 ervenisset,
357 2480 426 2519 sese
436 2461 597 2532 dedituros;
613 2481 646 2519 se
656 2460 1060 2519 autemdomumChersonesi

118 2545 136 2596 5
196 2540 276 2597 bere.
318 2541 420 2612 Cares,
435 2541 484 2616 qui
498 2552 558 2598 tum
572 2541 713 2598 Lemnum
726 2541 899 2610 incolebant,
915 2539 972 2597 etsi
990 2559 1061 2616 prte-

158 2628 202 2676 ter
228 2619 394 2694 opinionem
420 2639 468 2677 res
497 2620 653 2689 ceciderat,
676 2630 783 2708 tamen,
809 2637 867 2676 non
894 2618 983 2690 dicto,
1008 2618 1061 2676 sed

158 2698 288 2755 secunda
306 2699 417 2757 fortrrna
431 2663 659 2756 adversariorum
673 2698 758 2775 capti,
772 2698 910 2755 resistere
925 2698 990 2764 ausi
1002 2715 1061 2755 non

158 2787 224 2835 sunt
234 2788 318 2852 atque
330 2796 368 2835 ex
378 2778 474 2836 insula
484 2779 686 2868 demigrarunt.
716 2777 785 2835 Pari
795 2776 935 2834 felicitate
947 2787 1061 2834 ceteras

158 2857 279 2927 insulas,
301 2876 363 2933 quae
385 2857 532 2933 Cyclades
555 2857 745 2926 nominantur,
765 2857 818 2913 sub
838 2855 1062 2913 Atheniensium

158 2935 270 3014 redegit
285 2947 466 3014 potestatem

122 3022 135 3074 l
178 3017 236 3076 III.
278 3017 402 3076 Eisdem
425 3015 600 3092 temporibus
626 3015 781 3072 Persarum
804 3031 857 3071 rex
882 3011 1000 3083 Darius,
1025 3031 1062 3070 ex

180 3130 218 3169 ur
279 3096 386 3155 Asia
378 3114 409 3153 ιιι
442 3096 590 3170 Europam
623 3093 754 3150 exercitu
783 3093 912 3169 trajecto,
941 3091 1061 3168 Scythis

97 3241 100 3246 ,
157 3178 211 3218 ιθ
219 3189 241 3217 ¹¹·
277 3177 386 3232 bellum
399 3174 505 3232 inferre
520 3172 658 3230 decrevit.
694 3166 818 3230 Pontem
831 3170 922 3228 fecit
915 3190 945 3226 ιιι
960 3170 1062 3228 Histro

158 3253 285 3322 flumine,
313 3271 370 3327 qua
400 3253 499 3328 copias
532 3251 704 3311 traduceret.
757 3249 831 3341 Ejus
858 3249 964 3326 pontis,
995 3249 1063 3306 dum

159 3332 224 3409 ipse
247 3333 372 3399 abesset,
395 3331 531 3386 custodes
553 3330 670 3405 reliquit
690 3330 849 3406 principes,
866 3346 937 3402 quos
961 3347 1063 3384 secum

160 3428 199 3469 ex
218 3409 302 3468 Ionia
322 3418 352 3465 et
364 3373 484 3464 lEolide
505 3409 642 3464 duxerat·
636 3410 768 3500 ‚quibus
789 3405 942 3496 singulis
934 3425 1062 3482 rpsarurn

120 3495 139 3548 2
161 3488 272 3547 urbium
291 3496 431 3563 perpetua
444 3485 587 3542 dederat
579 3489 709 3561 nuperis
752 3487 804 3544 Sic
825 3485 904 3543 enim
923 3484 1063 3542 facillime

159 3568 270 3646 putarit
293 3586 327 3625 se
353 3564 457 3622 Graeca
480 3564 579 3640 lingua
601 3565 763 3639 loquentes,
785 3565 835 3640 qui
858 3564 991 3622 Asiam
983 3583 1064 3622 inco·

160 3649 261 3718 lerent,
286 3647 339 3704 sub
363 3663 417 3702 sua
444 3653 618 3713 retenturum
645 3654 797 3719 potestate,
823 3644 849 3700 si
873 3643 976 3700 amicis
1002 3644 1064 3701 suis
