2378 4036
129 227 169 286 ιε
400 222 422 285 1.
460 181 490 300 e,
507 230 537 286 e.
575 221 777 306 (ustura.)

126 378 214 439 tores,
228 369 277 444 qui
291 368 432 426 exercitui
448 379 617 445 praeessent,
631 369 663 426 in
676 369 721 428 eis
736 368 910 429 Miltiadem.
951 370 1030 431 Inter

126 465 199 525 qnos
217 466 322 524 magna
342 446 395 504 suit
414 447 569 518 contentio,
583 459 676 505 utrum
688 449 829 506 moenibus
844 467 877 506 se
892 446 1031 508 defunde-

126 535 201 596 rent,
224 545 261 582 an
288 525 401 583 obviarn
421 526 496 599 irent
518 525 660 597 hostibus,
681 527 802 601 acieque
826 527 1031 587 decernerent.

88 601 211 664 dUnus
238 603 388 663 Miltiades
415 606 539 662 maxime
566 605 718 675 nitebatur,
742 620 774 662 ut
799 604 891 681 primo
918 625 1032 680 queque

114 692 255 759 'tempere
271 692 365 740 castra
382 684 494 741 fierent.
536 684 571 742 ld
591 685 618 740 si
638 683 744 741 sactum
766 694 855 754 esset,
869 694 899 741 et
919 685 1032 742 civibus

128 779 254 819 animum
274 780 470 832 accessurum,
489 781 575 836 quum
595 763 735 833 viderent,
749 763 785 820 de
807 781 908 820 eorum
926 763 1031 821 virtute

127 857 186 898 nou
209 839 367 916 desperari,
389 850 418 897 et
440 839 541 899 hostes
568 842 670 898 eadem
693 860 724 898 re
749 840 810 899 iore
833 841 986 913 tardiores,
1006 843 1032 903 si

128 917 395 989 animadverterent,
411 919 510 976 auderi
530 920 670 977 adversus
686 940 719 977 se
736 931 794 977 tam
809 919 923 996 exiguis
938 921 1031 996 copiis

127 994 276 1056 dimicare.

2 1088 10 1140 ἰ
91 1079 104 1134 1
147 1074 186 1133 V.
207 1074 275 1134 Hoc
289 1075 320 1134 in
333 1086 462 1152 tempore
476 1077 669 1135 nullacivitas
681 1077 908 1136 Atheniensibus
924 1077 1031 1136 auxilio

128 1152 182 1213 suit
193 1165 296 1233 practer
307 1155 496 1214 Plataeenses.
531 1155 578 1213 Ea
587 1157 667 1214 mille
679 1156 756 1215 misit
766 1156 896 1214 militum.
931 1157 1031 1231 ltaque

2 1254 11 1295 ὲ
127 1231 230 1292 horum
243 1233 367 1308 adventu
385 1234 489 1292 decem
506 1235 587 1292 milia
607 1247 776 1302 armatorum
791 1235 934 1311 completa
947 1245 1029 1293 sunt:

2 1304 17 1387 f»
88 1316 108 1370 2
147 1329 191 1369 uae
201 1312 590 1399 manusmirabiliflfigffibgt
622 1313 952 1403 lfflhllqullllidllilit·
966 1315 1032 1380 Quo
1127 1314 1138 1323 ”

3 1390 10 1423 ’·
128 1329 236 1449 iactum
256 1401 310 1462 est,
324 1382 453 1468 di'plir‘s‘,
473 1411 558 1466 quam
577 1388 614 1450 'do
638 1412 708 1468 egae,
730 1378 879 1451 Miltiades
899 1393 1030 1466 valuerit.
1066 1420 1091 1425 -·

9 1468 23 1487 '²
129 1464 204 1605 Ep'us
229 1468 396 1527 auctoritate
419 1470 536 1546 impulsi
558 1471 756 1529 Athenienses
781 1471 881 1546 copias
904 1490 942 1528 ex
961 1473 1031 1529 urbe

6 1576 22 1627 4
90 1551 108 1604 3
130 1565 147 1605 e
167 1557 298 1618 uxenmt,
308 1549 430 1622 locoque
442 1549 547 1607 idoneo
559 1560 654 1607 castra
667 1549 808 1608 fecerunt.
834 1549 950 1608 Deinde
964 1569 1031 1626 pes·

128 1640 191 1684 tero
205 1625 254 1684 die
268 1627 321 1684 sub
339 1626 445 1686 montis
459 1628 616 1699 radicibus,
631 1629 694 1686 acie
709 1648 726 1686 e
745 1629 864 1705 regione
883 1628 1031 1698 instructa,

128 1723 203 1763 nova
223 1716 294 1776 arte,
312 1705 343 1763 vi
363 1725 474 1764 summa
493 1708 624 1783 proelium
646 1709 857 1766 commiserunt.
898 1707 1031 1783 Namque

129 1784 247 1843 arbores
271 1785 368 1843 multis
391 1786 466 1844 locis
488 1797 569 1845 erant
590 1797 693 1858 stratae,
713 1787 770 1845 hoc
796 1785 928 1857 consilio,
948 1797 981 1844 ut
1004 1797 1031 1844 et

19 1925 23 1933 ,
128 1863 267 1923 montium
286 1875 452 1942 tegerentur
472 1866 632 1937 altitudine,
647 1877 676 1923 et
696 1868 827 1924 arborum
846 1875 938 1922 tractu
953 1866 1031 1940 equi-

19 1944 29 2013 ἐζ
128 1952 204 2002 tatus
222 1942 349 2002 hostium
362 1945 557 2022 impediretur,
570 1965 607 2002 ne
626 1945 806 2002 multitudine
822 1944 1030 2003 clauderentur.

3 2004 30 2075 “7
91 2025 109 2077 4
131 2018 225 2093 Datis,
238 2023 293 2080 etsi
304 2041 362 2079 non
377 2041 487 2097 aequum
500 2024 597 2080 locum
607 2023 723 2080 ridebat
736 2023 807 2093 suis,
821 2033 927 2093 tamen,
941 2023 1032 2081 fretus

3 2106 24 2128 ⁸¹
101 2157 104 2163 ,
128 2117 248 2156 numero
270 2099 418 2174 copiarum
440 2119 564 2170 suarum,
585 2100 742 2176 confligere
765 2102 915 2178 cupiebat:
939 2121 1032 2177 eoque

128 2176 231 2252 magis,
242 2176 327 2251 quod,
341 2176 506 2252 priusquam
520 2178 735 2237 Lacedaemonii
749 2179 880 2239 subsidio
890 2181 1032 2251 venirent,

129 2253 267 2312 dimicare
289 2254 360 2311 utile
383 2255 576 2314 arbitrabatur.
617 2258 716 2333 ltaque
739 2259 769 2316 in
791 2259 885 2317 aciem
904 2260 1032 2334 peditum

131 2342 256 2402 centurn,
283 2333 410 2408 equitum
436 2334 540 2392 decem
565 2336 646 2394 milia
675 2337 816 2413 produxit,
843 2338 1032 2413 proeliumque

91 2415 110 2468 5
131 2409 283 2473 commisit.
323 2411 359 2470 In
378 2431 435 2488 quo
454 2423 536 2493 tapto·
550 2415 617 2491 plus
631 2415 733 2474 virtute
748 2417 898 2474 valuerunt
911 2416 1033 2475 Atheni·
1051 2428 1098 2443 *³

250 2502 399 2567 euseskut·
413 2491 624 2570 decemplicem
646 2514 795 2552 numerum
818 2495 944 2553 hostium
967 2515 1033 2571 prc-

135 2597 203 2647 spru.
249 2567 390 2647 iiigarint3
412 2571 543 2655 adeeque
564 2584 786 2649 perterruerunt,
802 2585 833 2633 ut
855 2575 954 2632 Persae
974 2595 1033 2633 nen

127 2695 212 2816 ,Μ’
249 2725 343 2785 adhuc
359 2738 405 2786 est
416 2729 560 2801 nobilius;
580 2732 660 2788 nulla
674 2731 752 2788 euim
764 2751 895 2807 umquam
910 2744 968 2790 tam
983 2753 1032 2790 ex·

130 2823 199 2882 lgna
211 2824 312 2864 manus
326 2816 421 2864 tantas
435 2825 507 2883 opes
520 2809 681 2884 prostravit.

93 2887 107 2941 l
169 2883 224 2944 vl.
247 2885 337 2963 Cujus
350 2885 478 2944 victoriae
497 2905 556 2944 non
577 2887 703 2946 alienum
724 2888 837 2947 videtur
856 2891 940 2965 quale
961 2910 1032 2966 proe-

129 2963 218 3023 mium
231 2963 357 3024 Miltiadi
371 2965 410 3023 sit
422 2964 564 3036 tributum,
578 2966 694 3038 decere,
709 2987 764 3043 quo
778 2968 893 3027 facilius
908 2969 1032 3046 intelligi

90 3045 110 3099 2
130 3044 370 3119 pessit,eamdem
378 3044 504 3103 omnium
513 3045 658 3102 civitatum
668 3066 736 3104 esse
745 3058 883 3105 naturam.
906 3048 945 3106 Ut
954 3050 1031 3106 enim

129 3121 229 3196 populi
248 3124 339 3182 nostri
359 3124 484 3182 honores
505 3125 647 3200 quondam
667 3124 781 3183 fuerunt
796 3127 852 3184 rari
871 3137 901 3185 et
918 3138 1031 3198 tenues,

129 3198 167 3255 ob
186 3217 306 3274 eamque
329 3221 447 3260 causam
468 3203 605 3279 gloricai;
626 3223 702 3262 nunc
725 3215 821 3263 eutem
841 3205 927 3264 effusi
947 3217 1031 3280 atque

130 3275 270 3334 obsoleti:
293 3277 337 3334 sic
359 3280 429 3336 olim
450 3281 526 3355 apud
539 3282 736 3342 Athenienses
754 3283 846 3342 fuisse
860 3284 1031 3359 reperimus.

92 3358 110 3411 3
131 3353 263 3428 Namque
282 3353 351 3412 huic
370 3357 506 3428 Miltiadi,
519 3360 568 3433 qui
582 3360 713 3420 Athenas
729 3372 872 3436 totamque
889 3360 1032 3420 Graeciam

130 3432 274 3504 liberarat,
300 3433 367 3493 talis
400 3434 493 3493 honos
523 3437 644 3495 tributus
679 3450 725 3496 est
756 3440 788 3497 in
820 3438 941 3514 porticu,
968 3458 1031 3513 quae

131 3513 247 3579 Ποικίλη
261 3522 388 3583 vocatur,
402 3530 489 3586 quum
505 3531 603 3588 pugna
618 3515 822 3591 depingeretur
839 3515 1031 3590 Marathonia,

130 3589 204 3648 utin
217 3589 321 3648 decern
341 3602 492 3665 praetorum
504 3608 623 3648 numero
643 3593 735 3667 prima
749 3593 812 3669 ejus
827 3592 922 3670 image
943 3613 1030 3672 poue·

151 2646 189 2686 ⁴⁹⁰
250 2644 706 2728 ⁰²⁸t¹³2⁸0l11³ve⁸prtierirt
748 2653 814 2720 Qua
837 2672 935 2729 pugna
958 2655 1032 2712 nun
1078 2646 1093 2658 ··
1110 2640 1139 2649 ·“
