2378 4036
353 273 443 339 xvi.
488 282 517 349 4,
533 283 563 340 s.
609 274 819 360 (nerana.)
994 280 1036 344 ar

130 428 328 504 mentemque
342 438 452 498 vocato,
467 446 524 486 non
546 429 640 486 solum
664 423 766 506 quiin
788 431 860 488 urbe
880 440 972 501 erant,
987 429 1038 489 sed

130 509 216 566 etiam
231 507 359 583 undique
373 525 410 564 ex
425 508 503 584 agris
523 518 742 578 concurrerunt,
765 509 930 585 praesidium
944 507 1037 568 Lace·

129 587 335 644 daemoniorum
349 604 386 642 ex
401 604 468 643 arce
493 587 676 663 pepulerunt,
691 589 816 663 patriam
836 587 982 646 obsidione
1002 588 1036 646 li-

129 666 314 734 beraverunt,
331 674 463 723 auctores
486 665 622 723 Cadmeae
635 666 812 742 occupandae
835 667 940 743 partim
960 668 1036 725 occi·

128 744 241 813 derunt,
257 745 360 820 partim
375 745 405 800 in
420 743 555 801 exsilium
570 745 728 820 ejecerunt.

166 823 221 882 IV.
244 823 310 881 Hoc
324 832 383 879 tam
398 822 511 880 turbido
524 831 661 899 tempore,
677 824 753 880 siout
773 842 862 900 supra
877 823 1035 895 docuimus,
1059 828 1072 883 1

128 900 353 980 Epaminondas,
369 901 463 977 quoad
476 920 545 958 oum
559 902 673 959 civibus
696 902 867 959 dimicatum
892 900 944 972 est,
960 903 1036 963 domi

125 983 245 1058 quietus
259 979 324 1038 fuit.
366 980 467 1056 ltaque
481 980 545 1038 haec
559 980 776 1038 liberandarum
788 980 957 1039 Thebarum
972 1001 1035 1058 pro-

127 1060 190 1137 pria
214 1061 281 1118 laus
301 1068 345 1116 est
370 1058 530 1135 Pelopidae:
552 1070 659 1118 ceterae
679 1058 740 1117 fere
754 1078 854 1117 omnes
868 1079 1037 1119 communes

126 1158 195 1197 cum
209 1138 421 1216 Epaminonda.
463 1136 601 1214 Namque
622 1138 777 1197 Leuctrica
792 1157 899 1215 pugna,
914 1139 1036 1214 impera·
1057 1145 1075 1198 2

98 1288 102 1293 Ι
127 1227 187 1277 tore
201 1217 413 1295 Epaminonda,
428 1217 477 1274 hic
492 1216 546 1274 suit
564 1217 624 1274 dux
638 1217 759 1275 delectae
772 1236 885 1286 manus,
900 1236 966 1292 quae
980 1218 1036 1294 pri·

126 1315 174 1355 ma
184 1297 360 1373 phalangem
375 1296 528 1373 prostravit
542 1294 705 1354 Laconum.
735 1296 880 1354 Omnibus
894 1306 1034 1372 praeterea
1056 1303 1074 1356 3

126 1376 265 1453 periculis
279 1373 372 1433 affuit.
413 1375 498 1433 Siout
511 1375 645 1451 Spartam
659 1394 750 1451 quum
763 1376 949 1452 oppugnavit,
966 1376 1034 1435 alte·

127 1473 193 1512 rum
207 1455 300 1513 tenuit
313 1471 423 1512 cornu:
445 1472 560 1531 quoque
582 1453 717 1512 Messena
730 1455 856 1512 celerius
870 1455 1033 1514 restituere-

125 1544 183 1604 tur,
198 1534 314 1612 legatus
327 1535 358 1590 in
372 1533 476 1591 Persas
490 1543 534 1591 est
557 1532 712 1610 proiectus.
754 1531 889 1608 Denique
904 1534 967 1592 haec
982 1533 1036 1593 suit

127 1613 219 1671 altera
232 1631 356 1691 persona
370 1611 489 1682 Thebis,
502 1611 553 1670 aad
575 1621 672 1670 tamen
687 1613 818 1670 secunda
832 1614 881 1682 ita,
897 1622 929 1669 ut
942 1613 1035 1690 proxi·

23 1742 37 1779 ·.
66 1734 70 1741 .
127 1711 175 1750 ma
189 1701 265 1750 esset
278 1691 497 1767 Epaminonda.

166 1759 417 1829 VL'Uondictatus
431 1780 528 1828 autem
537 1779 580 1828 est
593 1787 662 1827 cum
673 1769 795 1826 adversa
809 1767 934 1826 fortuna.
957 1769 1036 1828 Nam
1060 1775 1075 1828 l

126 1859 155 1907 et
168 1850 258 1919 initio,
274 1851 351 1908 sicut
364 1849 549 1918 ostendimus,
565 1847 650 1907 exsul
667 1849 761 1924 patria
775 1847 880 1917 caruit,
894 1857 931 1916 et,
946 1867 1037 1924 quum

127 1928 310 1987 Thessaliam
324 1929 354 1985 in
369 1938 537 2005 potestatem
547 1927 754 1986 Thebanorum
763 1936 884 2002 cuperet
896 1927 1036 2003 redigere,

126 2008 337 2084 legationisque
356 2008 424 2084 jure
448 2008 519 2065 satis
542 2016 652 2066 tectum
676 2026 708 2064 se
733 2005 933 2076 arbitraretur,
961 2007 1037 2081 quud

126 2086 203 2162 apud
217 2105 317 2145 omnes
337 2095 439 2163 gentas
452 2096 586 2144 sanctum
600 2105 664 2144 esse
678 2093 856 2156 consuesset,
871 2103 890 2143 a
914 2095 1038 2161 tyranno

126 2165 298 2223 Alexandro
311 2164 430 2223 Pheraeo
443 2166 532 2223 simul
546 2184 616 2234 cum
630 2164 756 2227 Ismenia
769 2165 996 2240 comprehensus
1005 2165 1036 2222 in

126 2244 246 2302 vincula
259 2243 409 2320 conjectus
422 2253 476 2303 est.
508 2243 598 2303 Hunc
612 2244 829 2320 Epaminondas
843 2245 1034 2320 recuperavit,
1056 2248 1075 2301 2

126 2323 202 2381 bello
223 2341 400 2400 persequens
421 2323 636 2381 Alexandrum.
678 2323 746 2381 Post
768 2323 797 2380 id
822 2323 932 2381 sactum
952 2342 1036 2381 num-

125 2421 214 2479 quam
235 2402 262 2460 is
275 2403 371 2460 animo
384 2402 496 2478 placari
511 2403 603 2478 potuit
623 2403 653 2460 in
667 2421 744 2472 eum,
761 2421 779 2459 a
792 2421 850 2478 quo
863 2411 927 2460 erat
947 2403 1034 2460 viola-

125 2491 182 2540 tus.
224 2480 326 2557 ltaque
347 2483 490 2557 persuasit
504 2481 663 2551 Thebanis,
678 2491 711 2538 ut
725 2481 852 2539 subsidio
874 2480 1037 2539 Thessaliae

125 2556 390 2637 proficiscerentur,
412 2569 610 2636 tyrannosque
631 2561 696 2637 ejus
710 2559 899 2637 expellerent.
940 2560 1035 2638 Cujus
1055 2564 1074 2618 3

125 2639 195 2697 belli
221 2656 312 2716 quum
334 2639 362 2696 ei
386 2658 502 2698 summa
515 2650 591 2697 esset
614 2639 690 2710 data,
706 2658 798 2714 eoque
821 2658 889 2697 cum
904 2640 1035 2699 exercitu

125 2717 273 2796 profectus
281 2727 365 2788 esset,
377 2737 435 2776 non
448 2717 599 2788 dubitavit,
608 2719 695 2776 simul
707 2737 742 2776 ac
751 2719 901 2795 conspexit
915 2718 1034 2788 hostem,

125 2797 293 2874 confligere.
328 2795 363 2856 ln
377 2816 435 2874 quo
448 2798 551 2875 proelio
561 2797 766 2856 Alexandrum
777 2807 809 2855 ut
823 2796 1034 2866 animadvertit,
1056 2802 1074 2854 4

123 2877 262 2935 incensus
285 2876 331 2934 ira
357 2895 466 2952 equum
490 2878 521 2935 in
535 2895 604 2935 aum
618 2877 783 2946 concitavit,
806 2875 966 2952 proculque
986 2874 1034 2932 de-

122 2972 242 3034 gressus
257 2974 275 3014 a
288 2957 350 3014 suis
363 2955 497 3032 conjectu
510 2956 635 3015 telorum
649 2955 800 3014 confossus
813 2953 948 3011 concidit.
982 2953 1034 3011 At·

122 3052 181 3112 qua
204 3035 260 3092 hoc
279 3034 409 3092 secunda
423 3035 546 3094 victoria
566 3034 688 3093 accidit:
713 3051 782 3091 nam
804 3033 866 3109 jam
889 3030 1036 3090 inclinato

122 3123 207 3172 erant
230 3122 422 3190 tyrannorum
436 3115 536 3191 copiae.
578 3113 647 3179 Quo
671 3112 747 3171 facto
760 3129 860 3169 omnes
874 3109 1035 3171 Thessalia
1055 3114 1073 3172 b

121 3193 256 3252 civitates
269 3191 455 3251 interfectum
469 3193 635 3270 Pelopidam
648 3191 762 3250 coronis
776 3189 872 3248 aureis
886 3200 914 3249 et
933 3189 1036 3251 statuis

121 3273 221 3344 meis,
236 3271 400 3352 liberosque
414 3271 479 3349 ejus
493 3273 585 3332 multo
599 3289 670 3353 agro
683 3269 834 3328 donarunt.
