2378 4036
183 261 227 322 06
325 255 449 322 XXIV.
496 266 566 364 Le.
613 257 675 340 (M.
691 259 825 324 Portirts
843 260 947 340 cato.)

140 668 142 673 ⁴
190 702 380 778 xxiv.
432 703 493 780 M.
536 703 840 779 nonnius
882 705 1066 780 otro

143 1043 155 1098 l
220 1038 244 1097 l.
270 1038 348 1110 Cato,
363 1047 440 1097 ortas
453 1041 602 1114 municipio
627 1035 756 1109 llasculc,
773 1039 1015 1110 adolescentulus,
1031 1042 1085 1116 pri·

181 1135 305 1194 usquam
319 1119 475 1176 honoribus
483 1135 601 1194 operam
612 1117 702 1186 daret,
714 1128 847 1175 versatus
858 1129 902 1176 est
916 1120 946 1175 in
961 1119 1085 1189 Sabinis,

199 1197 256 1255 uod
270 1197 311 1253 ibi
325 1198 476 1256 heredium
492 1216 509 1254 a
530 1206 611 1273 patre
630 1196 764 1253 relictum
785 1196 919 1255 habebat.
962 1197 1086 1256 Hortata

179 1215 217 1334 ir.
233 1275 348 1333 Valerii
373 1277 485 1344 Flacci,
499 1294 587 1351 quem
601 1276 631 1331 in
653 1275 810 1332 consulatu
832 1293 1015 1353 censuraque
1035 1276 1084 1334 ha-

180 1353 242 1411 buit
256 1355 409 1432 collegam,
422 1365 454 1413 ut
469 1353 510 1411 M.
525 1352 672 1429 Perperna
686 1353 842 1412 Censorius
855 1373 976 1413 narrare
985 1355 1086 1412 solitus

141 1437 159 1491 2
179 1431 369 1501 est„Romam
383 1433 564 1510 demigravit,
579 1433 610 1489 in
623 1430 741 1508 foroque
755 1451 819 1490 esse
834 1435 933 1510 coepit.
956 1433 1085 1492 Primum

178 1511 353 1588 stipendium
367 1514 473 1570 meruit
497 1529 639 1569 annorum
659 1510 760 1568 decem
781 1521 958 1588 septemque,
974 1512 1012 1578 Q.
1029 1513 1083 1570 Fa-

179 1589 234 1660 bio,
251 1588 291 1650 M.
305 1589 430 1650 Claudio
450 1590 634 1649 Consulibus.
678 1589 829 1647 Tribunus
843 1592 967 1649 militum
988 1592 1019 1648 in
1040 1591 1083 1647 Si-

178 1669 249 1727 cilia
263 1669 327 1728 suit.
369 1669 440 1729 Inde
455 1679 487 1728 ut
507 1669 600 1738 rediit,
614 1677 711 1726 castra
724 1679 843 1727 secutus
856 1680 899 1727 est
919 1669 953 1727 C.
969 1670 1084 1728 Claudii

179 1746 316 1819 Neronis,
331 1750 488 1826 magnique
507 1766 595 1824 opera
609 1748 673 1823 ejus
687 1749 851 1805 existimata
864 1759 908 1806 est
931 1749 961 1806 in
982 1749 1084 1825 proelio

178 1828 255 1904 apud
269 1827 386 1898 Senam,
400 1846 458 1904 quo
472 1827 577 1886 cecidit
598 1825 772 1895 Hasdrubal,
789 1825 878 1884 frater
898 1826 1081 1884 Hannibalis.

139 1909 158 1963 8
178 1904 314 1972 Quaestor
327 1907 427 1985 obtigit
441 1906 475 1964 P.
490 1905 641 1975 Africano,
655 1905 778 1974 consuli,
793 1924 862 1963 cum
883 1924 941 1981 quo
954 1924 1011 1962 non
1032 1925 1083 1981 pro

132 2054 135 2061 Ι
178 1985 261 2042 sortis
276 1985 487 2043 necessitudine
502 1986 591 2042 vixit:
613 2001 739 2059 namque
761 1984 798 2042 ab
811 2003 846 2042 eo
866 1994 1004 2060 perpetua
1027 1984 1081 2041 dis-

178 2064 267 2121 sensit
287 2065 355 2122 vita.
398 2063 503 2120 AEdilis
527 2061 620 2139 plebis
643 2060 737 2120 iactus
759 2072 803 2121 est
826 2081 894 2120 cum
914 2062 949 2121 C.
965 2061 1080 2120 Helvio.

138 2145 158 2198 4
178 2139 287 2198 Praetor
307 2141 484 2217 provinciam
498 2141 621 2199 obtinuit
634 2137 807 2211 Sardiniam,
823 2161 859 2198 ex
879 2160 938 2216 qua
956 2152 1081 2217 quaestor

178 2220 325 2294 superiore
357 2229 484 2296 tempore
518 2239 555 2277 ex
583 2217 689 2277 Africa
713 2219 856 2278 decedens
882 2219 921 2285 Q.
952 2219 1081 2277 Ennium

177 2304 289 2374 poetam
300 2297 473 2356 deduxerat:
494 2298 570 2374 quod
580 2316 637 2356 non
647 2299 765 2355 minoris
776 2299 982 2368 existimamus,
992 2318 1080 2374 quam

177 2375 334 2451 quemlibet
349 2377 559 2454 amplissimum
573 2377 789 2435 Sardiniensem
803 2378 990 2453 triumphum.

140 2459 155 2512 l
216 2452 254 2511 II:
277 2453 466 2513 Consulatum
486 2455 575 2532 gessit
589 2475 658 2514 cum
679 2455 716 2513 L.
731 2455 851 2513 Valerio
872 2456 990 2525 Flacco,
1005 2466 1080 2513 sorte

177 2533 356 2608 provinciam
370 2544 474 2592 nactus
495 2533 668 2610 Hispaniam
682 2535 857 2604 citeriorem,
872 2553 967 2610 exque
982 2553 1017 2592 ea
1030 2535 1079 2591 tri-

137 2616 157 2670 2
179 2611 317 2686 umphum
333 2611 502 2688 deportavit.
545 2612 588 2670 lbi
612 2631 703 2689 quum
728 2612 837 2670 diutius
859 2624 1029 2682 moraretur,
1045 2612 1077 2668 P.

177 2689 275 2766 Scipio
289 2690 459 2761 Africanus,
474 2691 582 2750 Consul
597 2693 712 2761 iterum,
728 2692 814 2768 cujus
828 2693 859 2748 in
876 2693 963 2767 priori
977 2709 1078 2750 consu·

176 2767 236 2827 latu
251 2778 375 2844 quaestor
389 2768 492 2840 inerat,
508 2770 599 2829 voluit
619 2789 687 2828 eum
706 2769 741 2827 de
756 2771 905 2846 provincia
924 2769 1078 2847 depellere,

176 2857 205 2907 et
218 2847 279 2925 ipse
292 2849 320 2905 ei
340 2849 509 2907 succedere.
552 2849 658 2925 Neque
679 2849 733 2907 hoc
753 2867 805 2924 per
818 2857 950 2906 senatum
964 2848 1079 2907 efficere

176 2927 274 3005 potuit,
284 2946 380 3003 quum
394 2928 511 3004 quidem
531 2928 628 3004 Scipio
642 2928 672 2984 in
686 2928 802 2985 civitate
824 2928 1016 3004 principatum
1030 2928 1079 2986 ob

175 3007 297 3066 tineret:
318 3007 393 3084 quod
407 3016 469 3065 turn
484 3025 539 3064 non
554 3007 688 3083 potentia,
703 3006 752 3063 sed
774 3006 842 3082 jure
853 3006 1018 3082 respublica
1032 3005 1079 3064 ad-

176 3087 413 3144 ministrabatur.'
457 3085 526 3152 Qua
546 3105 583 3144 ex
606 3105 637 3143 re
662 3087 753 3143 iratus
780 3087 902 3153 senatui,
927 3083 1080 3142 consulatu

138 3168 155 3220 ³
177 3175 301 3238 peracto,
317 3167 445 3242 privatus
459 3166 488 3222 in
504 3166 575 3222 urbe
590 3165 703 3222 mansit.
747 3164 788 3221 At
801 3163 881 3232 Cato,
897 3181 999 3220 censor
1012 3182 1081 3219 cum

176 3242 277 3298 eodem
288 3243 397 3301 Flacco
411 3245 514 3314 factus,
530 3263 631 3302 severe
647 3241 761 3320 praeluit
776 3243 803 3300 ei
818 3242 959 3318 potestati.
1002 3241 1081 3298 Nam

177 3328 205 3376 et
226 3321 255 3375 in
270 3323 433 3395 complures
448 3324 558 3380 nobiles
572 3322 783 3390 animadvertit,
799 3331 827 3378 et
851 3321 957 3377 multas
972 3339 1019 3378 res
1033 3340 1081 3377 no-

177 3415 229 3455 vas
250 3399 279 3453 in
303 3399 430 3456 edictum
455 3401 570 3471 addidit,
593 3420 651 3476 qua
676 3419 707 3458 re
728 3400 845 3457 luxuria
867 3401 1081 3476 reprimeretur,

140 3481 157 3534 ί
177 3493 243 3552 quoe
253 3476 314 3552 jam
329 3486 390 3533 tum
405 3478 560 3553 incipiebat
581 3479 736 3555 pullulare.
780 3478 918 3554 [Circiter
931 3496 1022 3536 annos
1036 3497 1083 3536 oc·

177 3555 310 3632 toginta,]
342 3555 441 3630 Usque
457 3557 492 3613 ad
507 3567 666 3614 extremam
680 3566 794 3615 aetatem
818 3558 855 3614 ab
879 3557 1082 3626 adolescentia,

173 3633 346 3712 reipublice
360 3652 451 3694 causa
469 3634 618 3712 suscipere
635 3633 803 3694 inimicitias
819 3653 877 3694 non
895 3634 1012 3695 destitit.
1054 3635 1082 3700 Α

143 1189 150 1201 ί
