2378 4036
160 248 202 309 82
415 239 490 307 XX.
537 248 564 304 l.
612 239 808 324 (tt'moteon.)

157 393 250 465 samae,
275 393 367 453 aetatis
385 393 608 464 misererentur;
633 391 751 469 plurimi
771 410 840 449 vero
864 392 909 449 ira
933 410 1056 453 exacue·

156 482 257 532 rentur
269 481 384 549 propter
397 471 562 548 proditionis
582 471 775 546 suspicionem
796 470 908 540 Piroeei,
923 472 1058 530 maxime·

156 570 222 628 que,
237 551 312 628 quod
326 550 466 607 adversus
486 549 583 625 populi
598 547 748 607 commoda
772 549 802 606 in
815 560 963 607 senectute
977 560 1060 609 stete-

110 627 136 688 '⁸l
156 639 210 688 rat.
233 629 302 695 Qua
315 628 351 686 de
366 646 398 685 re
409 646 446 685 ne
460 627 612 704 perorandi
622 625 739 701 quidem
750 627 777 685 ei
791 627 859 685 data
869 637 913 685 est
927 628 1060 699 facultas,

155 717 185 766 et
203 706 317 766 dicendi
331 723 462 765 caueam.
503 704 574 764 inde
594 704 711 780 judicio,
733 704 869 782 legitimis
888 706 1060 782 quibusdam

156 784 303 854 confectis,
324 785 486 854 damnatur,
500 782 622 841 traditus
642 792 685 840 est
704 782 840 842 undecim
855 784 934 854 viris,
955 785 1061 861 quibus

156 863 192 922 ad
205 864 380 940 supplicium
388 881 467 920 more
479 861 703 919 Atheniensium
718 862 834 936 publice
845 861 973 919 damnati
987 863 1060 920 tradi

120 945 135 999 Β
155 942 257 1000 solent.
275 966 278 973 ¹
299 941 358 999 Hic
371 959 462 1018 quum
477 940 513 998 ad
528 949 648 997 mortem
662 938 828 1010 duceretur,
843 939 945 998 obvius
958 941 985 998 ei
1007 940 1060 999 fuit

155 1019 358 1096 Emphyletus‚
373 1037 430 1095 quo
445 1017 626 1076 familiariter
640 1017 736 1075 fuerat
750 1035 830 1076 usus.
872 1017 901 1076 Is
914 1037 1005 1093 quum
1019 1019 1060 1077 la·

154 1098 282 1156 crimene
300 1097 435 1155 dixisset:
456 1115 568 1172 equam
591 1098 709 1171 indigae
724 1099 898 1170 prepeteria,
909 1095 1060 1154 Phocion!

143 1176 223 1234 'huic
237 1176 296 1246 ille,
311 1185 340 1234 at
353 1177 570 1249 necinopinato,
586 1175 696 1249 inquit:
717 1175 789 1232 lune
803 1177 874 1232 enim
888 1177 988 1232 exitum
1000 1176 1059 1249 ple-

115 1257 134 1313 4
154 1256 233 1330 rique
244 1256 318 1312 ⁴clari
340 1255 397 1311 oiri
419 1253 572 1311 meamet
586 1251 780 1311 Athenienses.
820 1251 854 1310 In
874 1251 929 1311 hoc
949 1263 1060 1332 Qu

155 1331 209 1390 suit
229 1331 326 1389 odium
349 1331 550 1400 multitudinis,
566 1340 706 1406 tit-nemo
720 1349 810 1389 ausus
833 1332 871 1402 sit
895 1349 962 1388 eum
987 1331 1060 1389 liber

153 1408 286 1487 sepelire.
327 1409 428 1486 Itaque
443 1427 461 1466 a
475 1410 567 1468 servis
580 1408 713 1485 sepultus
730 1419 783 1467 est.

443 1637 771 1649 ι--ι--ὴ

296 1800 863 1898 'XX.u1M0Lu0N

529 2006 686 2019 -ἑ

117 2123 131 2176 i
193 2119 216 2177 Ι.
244 2118 390 2188 Timoleon,
409 2119 578 2176 Gennadius.
609 2118 678 2175 Sine
693 2119 780 2177 dubio
795 2120 1058 2196 magnusomnium

150 2196 261 2272 judicio
274 2197 322 2254 hic
336 2198 382 2254 vir
395 2197 512 2255 exstitit.
544 2195 680 2272 Namque
693 2198 761 2255 huic
776 2199 827 2255 uni
841 2197 968 2275 contigit,
983 2198 1059 2274 quod

153 2275 250 2332 nescio
264 2293 301 2331 an
323 2275 385 2344 ulli,
400 2284 431 2332 ut
451 2284 480 2333 et
493 2275 624 2351 patriam,
646 2277 676 2331 in
689 2294 748 2351 qua
761 2286 823 2334 erat
837 2285 931 2346 natus,
945 2295 1058 2352 oppres·

153 2371 216 2410 sam
231 2371 248 2408 a
261 2361 385 2427 tyranno
405 2353 550 2422 liberaret,
565 2362 594 2411 et
608 2372 624 2410 a
639 2352 805 2429 Syracusis,
823 2355 929 2429 quibus
950 2355 1058 2412 auxilio

156 2439 218 2487 erat
231 2431 345 2500 missus,
354 2432 543 2490 inveteratam
554 2432 722 2489 servitutem
736 2431 902 2508 depelleret,
911 2442 1056 2509 totamque

154 2506 293 2578 Siciliam,
315 2509 420 2568 multoe
434 2528 524 2567 annos
538 2509 613 2568 bello
627 2519 761 2568 vexatam
776 2530 794 2567 a
809 2511 996 2586 barbarisque
1010 2530 1057 2588 op-

114 2590 133 2642 2
154 2604 291 2662 pressam,
306 2607 358 2645 suo
373 2588 497 2646 adventu
520 2589 549 2645 in
564 2588 716 2664 pristinum
731 2590 905 2647 restitueret.
945 2587 1003 2646 Sed
1027 2590 1057 2646 in

153 2664 198 2722 his
223 2665 309 2723 rebus
333 2685 390 2724 non
413 2667 538 2743 simplici
562 2665 676 2724 fortuna
699 2666 880 2726 conflictatus
904 2676 955 2738 est,
977 2677 1013 2737 et,
1029 2667 1056 2725 id
1142 2725 1145 2730 .

153 2742 229 2819 qnod
242 2743 389 2803 difficilius
403 2755 528 2822 putatur,
540 2744 630 2802 multo
640 2746 798 2822 sapientius
811 2745 876 2804 tulit
889 2745 1056 2815 secundam,

114 2824 142 2887 ii,
153 2841 242 2898 quarn
256 2822 407 2882 adversam
421 2823 575 2881 fortunam.
618 2823 697 2881 Nam
712 2842 806 2899 quum
826 2823 916 2882 irater
929 2823 993 2899 ejus
1007 2823 1057 2881 Ti-

136 2901 319 3037 -ffiophanes,
333 2901 393 2960 dux
417 2920 436 2959 a
456 2901 611 2961 Corinthiis
635 2901 772 2973 delectus,
797 2902 982 2978 tyrannidem
1007 2920 1058 2978 per

185 2980 259 3039 ‘ites
272 2982 467 3039 mercenarios
486 2989 664 3055 occupasset,
685 2982 885 3058 particepsque
899 2981 981 3058 regni
995 2999 1056 3056 pos·

153 3067 197 3116 set
211 3077 292 3118 esse:
310 3058 533 3140 tantumabiuit
547 3077 565 3115 a
578 3059 714 3116 societate
728 3060 903 3130 scaloniam
918 3059 1067 3142 Q

17 3143 128 3165 ····“
154 3136 191 3193 rit
212 3156 330 3196 suorum
355 3140 464 3197 civium
484 3137 645 3195 libertatem
669 3135 766 3195 fratris
784 3138 882 3208 saluti,
904 3147 932 3195 et
956 3155 1057 3214 perere

117 3198 276 3290 i'ffibus,
296 3235 386 3292 quam
410 3219 553 3294 imperare
578 3216 686 3292 patriae,
711 3217 801 3274 satius
823 3215 945 3275 duxerit
992 3215 1058 3273 Hac

154 3301 249 3348 mente
270 3311 322 3368 per
335 3295 528 3372 haruspicem,
543 3313 784 3370 communemque
804 3313 821 3352 a
853 3313 929 3364 nem,
944 3295 994 3352 cui
1014 3313 1057 3352 so·

154 3385 211 3438 ror,
225 3387 262 3426 ex
276 3370 383 3428 eisdem
404 3373 570 3454 parentibus
590 3383 666 3443 nata,
681 3384 770 3449 nupta
790 3383 860 3442 erat,
876 3372 993 3430 fratrem
1013 3382 1057 3448 ty·

154 3463 279 3504 rannum
297 3447 527 3507 interficiendum
541 3451 665 3508 curavit.
707 3449 772 3526 Ipee
785 3469 842 3509 non
856 3451 939 3509 modo
953 3468 1057 3508 manus

153 3543 211 3585 non
227 3525 330 3596 attulit,
345 3525 395 3583 sed
409 3545 446 3584 ne
466 3527 614 3603 adspicere
627 3529 744 3603 quidem
766 3527 926 3586 fraternum
940 3529 1055 3606 sangui·

149 3620 220 3662 aem
235 3604 334 3664 voluit.
376 3603 468 3676 Nam,
479 3603 548 3662 dum
560 3623 606 3662 res
619 3606 819 3677 conficeretur,
828 3608 929 3684 procul
943 3609 973 3665 in
986 3624 1057 3684 prte-
