2378 4036
321 241 429 311 XXII.
475 251 546 321 1,2.
593 242 800 328 (Hamilcar.)
969 251 1012 315 b'l

249 631 423 706 XXII.
476 632 867 709 HAMILCAR.

481 819 639 832 *—

145 943 170 1003 Ι.
206 942 364 1014 Hamilcar,
389 941 563 1001 Hannibalis
580 945 673 1036 filias,
698 947 867 1022 cognomine
892 947 1011 1016 Barcae,
1034 949 1047 1004 1

106 1023 364 1100 Carthaginiensis,
388 1023 481 1098 primo
505 1020 624 1081 Poemco
648 1023 732 1092 bello,
758 1023 808 1080 sed
835 1025 1012 1101 temporibus

106 1103 254 1172 extremis,
278 1100 431 1158 admodum
453 1100 688 1159 adolescentulus
709 1102 738 1158 iu
761 1101 863 1160 Sicilia
886 1121 1010 1179 praeesse

105 1181 193 1257 coepit
207 1180 360 1237 exercitui.
403 1179 504 1245 Quum
519 1189 585 1237 ante
600 1180 664 1256 ejus
683 1179 838 1238 adventum
853 1191 881 1239 et
896 1181 968 1238 mari
981 1191 1010 1238 et
1030 1185 1049 1238 2

105 1267 184 1315 terra
204 1258 280 1316 male
304 1277 350 1315 res
364 1267 536 1334 gererentur
558 1258 852 1335 Carthaginiensium,
867 1260 937 1336 ipse,
961 1259 1010 1316 ubi

106 1335 195 1406 affuit,
203 1355 365 1413 numquam
374 1337 447 1394 hosti
460 1337 549 1394 cessit
562 1356 657 1413 neque
671 1338 767 1394 locum
777 1337 898 1396 nocendi
912 1337 1007 1410 dedit3

105 1432 240 1491 saepeque
260 1416 435 1472 econtrario
454 1415 606 1473 occasione
626 1416 693 1473 data
716 1415 870 1487 lacessivit,
885 1435 1009 1493 semper·

105 1512 162 1568 que
175 1493 308 1569 superior
331 1493 472 1551 discessit.
514 1493 581 1559 Quo
604 1493 688 1564 iacto,
702 1514 793 1570 quum
815 1514 896 1572 paone
914 1495 1011 1553 omnia

105 1571 135 1628 in
148 1572 251 1630 Sicilia
266 1570 349 1630 Poeni
368 1574 539 1644 amisissent,
554 1573 605 1631 ille
618 1573 747 1648 Erycem
755 1592 836 1653 Q
829 1573 962 1643 defendit,
971 1581 1011 1651 pt
1068 1570 1122 1665 -l-

106 1650 214 1708 bellum
228 1669 264 1707 eo
277 1650 340 1708 loco
360 1661 474 1728 gestum
488 1670 543 1709 non
560 1651 716 1710 videretur.
759 1651 876 1709 Interim
891 1652 1010 1709 Cartha·
1031 1654 1049 1709 3

104 1729 259 1804 ginienses,
288 1729 382 1787 classe
407 1729 484 1806 apud
508 1720 767 1805 insulas‘AEgates
788 1750 805 1787 a
825 1730 859 1788 C.
883 1728 1010 1798 Lutatio,

104 1807 225 1865 consule
249 1807 457 1878 Romanorum,
481 1808 619 1885 superati,
642 1817 805 1865 statuerunt
833 1808 902 1864 belli
923 1808 1011 1863 finem

105 1884 211 1956 iacere,
232 1905 355 1962 eamque
377 1904 439 1944 rem
453 1887 571 1944 arbitrio
592 1887 799 1962 permisserunt
822 1885 1009 1943 Hamilcaris.

104 1963 168 2034 Ille,
182 1965 237 2022 etsi
250 1965 393 2042 flagrabat
418 1965 543 2023 bellandi
563 1965 729 2041 cupiditate,
744 1973 841 2022 tamen
864 1965 931 2040 paci
952 1981 1009 2020 ser·

106 2043 243 2101 viendum
269 2045 389 2119 putavit,
417 2043 493 2119 quod
522 2045 645 2120 petriam
672 2043 842 2101 exhaustam
870 2043 1013 2101 sumtibus

105 2120 214 2180 diutius
236 2122 417 2180 calamitates
439 2122 508 2179 belli
531 2121 607 2180 ferre
631 2141 688 2180 non
713 2141 794 2198 posse
815 2122 1011 2200 intelligebat:

104 2199 154 2257 sed
176 2201 226 2272 ita,
242 2209 274 2258 ut
292 2202 388 2258 statim
404 2210 499 2258 mente
520 2203 652 2291 Qt,
667 2202 691 2258 si
712 2201 844 2277 paullum
867 2201 1011 2259 moderes
1031 2204 1049 2256 4
1070 2170 1113 2267 'f

105 2276 339 2350 essenrreeaae,
351 2279 460 2337 bellum
475 2297 614 2337 renovare
630 2279 831 2357 Romanosque
846 2281 934 2339 armis
948 2297 1010 2357 per-

105 2359 196 2432 sequi,
211 2357 348 2416 donicum
363 2367 413 2415 aut
432 2367 511 2415 certe
525 2358 670 2427 vicissent,
686 2367 736 2415 aut
756 2360 824 2416 victi
847 2377 950 2417 manus
963 2358 1010 2416 de·

104 2435 222 2495 dissent.
264 2435 330 2494 Hoc
344 2436 464 2494 oonsilio
489 2455 590 2512 pacem
605 2437 779 2507 conciliavit,
794 2438 825 2495 in
847 2457 905 2514 qna
929 2444 1011 2495 tauta
1031 2438 1050 2491 5

140 2516 146 2528 '
168 2514 229 2572 iero
251 2514 257 2527 '
278 2533 387 2591 ‚quum
396 2514 521 2573 Catulus
530 2525 649 2591 negaret
660 2515 768 2572 bellum
777 2508 1010 2593 compositum,
1047 2556 1051 2563 -

105 2592 160 2650 uisi
174 2592 225 2650 ille'
239 2610 307 2650 cum
321 2593 391 2662 suis,
402 2593 453 2669 qni
468 2592 598 2668 Erycem
611 2602 776 2664 tenuerunt,
791 2596 879 2655 armis
893 2595 1010 2664 relictis,

106 2670 207 2729 Sicilia
220 2670 401 2742 decederent,
416 2680 457 2742 ut,
472 2672 679 2730 succumbente
702 2673 804 2748 patria,
821 2674 882 2750 ipse
904 2675 1010 2749 peritu-
1031 2673 1073 2728 6.

106 2767 171 2806 rum
191 2762 235 2807 se·
247 2732 467 2825 potinsdixeffit,
482 2768 570 2826 quam
584 2769 651 2809 cum
676 2759 753 2809 tanto
773 2751 881 2830 flagitio
894 2751 1010 2809 domum
1057 2749 1148 2785 N

107 2827 220 2886 rediret.
261 2826 329 2886 Non
351 2820 516 2886 adimente
538 2847 603 2887 esse
623 2830 746 2900 virtutis,
768 2848 849 2887 arma
873 2849 891 2886 a
918 2830 1011 2904 patria

107 2916 225 2983 accepta
248 2905 387 2965 adversus
411 2907 506 2965 hostes
530 2907 704 2967 adversariis
733 2908 857 2966 tradere.
912 2906 1012 2983 Hujus

107 2985 271 3060 pertinacia
283 2986 371 3043 cessit
383 2985 517 3044 Catulus.

145 3061 183 3121 11.
206 3063 332 3134 Atille,
355 3073 387 3122 ut
408 3064 614 3143 Carthaginem
635 3066 722 3135 venit,
743 3063 834 3120 multo
856 3062 947 3132 aliter,
973 3079 1010 3121 ac
1032 3069 1047 3124 l

106 3141 248 3216 sperabat,
263 3142 472 3218 rempublicam
486 3161 518 3200 se
533 3144 685 3202 habentem
699 3142 842 3220 cognovit.
873 3139 1010 3220 Namque

106 3217 293 3279 diuturnitate
307 3221 420 3279 externi
435 3220 504 3278 mali
525 3231 637 3299 tantum
651 3221 758 3280 exarsit
771 3221 936 3279 intestinum
951 3221 1009 3281 bel·

106 3297 225 3368 lum,-ut
244 3317 404 3375 numquam
429 3300 492 3375 pari
514 3301 644 3378 periculo
669 3299 756 3369 luerit
778 3298 932 3378 Carthago,
953 3301 1009 3360 nisi
1046 3329 1089 3345 -··

106 3363 305 3452 quamdeleta
320 3389 372 3436 est.
415 3377 512 3436 Primo
525 3360 829 3450 mercenarh‘milites,
843 3381 894 3456 qni
909 3380 1009 3438 adver·
1029 3385 1049 3437 2

107 3473 156 3512 sus
180 3455 324 3514 Romnum
350 3455 473 3526 inerant,
494 3457 695 3517 desciverunt:
724 3476 848 3535 quorum
872 3476 1011 3516 numerus
1099 3506 1100 3510 ,

107 3544 168 3592 erat
182 3534 284 3610 viginti
301 3535 436 3591 millium.
478 3534 519 3591 Hi
541 3546 628 3593 totam
643 3537 846 3595 abalienarunt
866 3535 1009 3603 Africam,

108 3611 197 3688 ipsam
219 3611 426 3690 Carthaginem
450 3624 662 3690 oppugnarunt.
704 3614 820 3680 Quibus
834 3613 919 3670 malis
940 3610 1050 3703 αάἑοθ
