2378 4036
425 269 466 333 X.
496 274 526 346 t,
542 276 572 333 8.
613 272 737 352 (Dion.)
986 281 1029 340 45

128 417 190 477 bato
204 415 351 474 sententia
365 427 427 474 est:
450 417 519 475 Non
541 435 630 492 posse
655 419 730 475 bene
744 417 807 495 geri
827 421 1033 496 rempublicam

127 498 279 555 multorum
302 495 443 570 imperiis.
485 496 571 562 Quod
594 496 703 553 dictum
715 516 820 572 magna
840 497 950 556 invidia
963 519 1032 559 con·

127 586 233 633 secuta·
242 587 297 631 est.
339 573 472 649 Namque
486 574 637 649 aperuisse
651 575 809 646 ridebatur,
823 577 918 633 omnia
934 577 965 636 in
978 597 1032 637 sua

126 664 268 731 potestate
281 669 349 708 esse
359 654 448 710 velle.
478 653 563 710 Hanc
577 653 628 710 ille
642 672 701 710 non
714 654 806 711 lenire
821 656 970 730 obsequio,
978 658 1031 715 sed
1052 663 1068 716 ⁵

126 732 283 790 acerbitate
297 730 460 804 opprimere
475 731 592 801 studuit,
607 731 861 807 Heraclidemque,
874 753 960 808 quum
975 736 1031 812 Sy·

127 828 245 867 racusas
259 809 399 879 venisset,
413 810 644 866 interficiendum
658 811 776 867 curarit.

166 890 236 946 Vll.
278 887 364 953 Quod
387 888 493 945 facturn
514 887 646 946 omnibus
659 891 813 946 maximnm
833 891 964 948 timorem
986 892 1029 950 in·
1053 897 1066 952 l

125 969 203 1046 jecit.
254 966 350 1024 Nemo
371 967 458 1037 enim,
481 967 532 1024 illo
553 966 714 1038 interfecto,
739 987 772 1026 se
794 979 884 1026 tutum
904 971 1028 1044 putabat.

126 1047 180 1105 Ille
204 1055 310 1114 antem,
332 1044 499 1102 adversario
522 1056 641 1116 remoto,
662 1046 800 1104 licentius
824 1065 923 1104 eorum
945 1049 1030 1120 bona,

124 1143 196 1201 quos
212 1123 325 1181 sciebat
343 1124 482 1181 adversus
497 1143 531 1181 se
546 1125 687 1195 sensisse,
708 1125 845 1182 militibus
859 1125 1028 1200 dispertivit.

125 1204 239 1270 Quibus
253 1202 366 1272 divisis,
385 1222 472 1278 quum
484 1203 642 1276 quotidiani
661 1203 779 1260 maximi
793 1205 895 1261 fierent
909 1214 1028 1276 sumtus,
1047 1212 1066 1265 2

125 1281 261 1339 celeriter
273 1281 398 1356 pecunia
412 1282 519 1339 deesse
534 1282 629 1356 coepit,
642 1301 814 1357 nequaque
826 1301 927 1340 manus
940 1283 1029 1359 porri·

125 1370 215 1436 geret,
236 1362 415 1435 suppetebat,
435 1361 494 1417 nisi
513 1359 544 1417 in
563 1360 720 1418 amicorum
737 1362 953 1436 possessiones.
994 1363 1029 1420 Id

109 1436 288 1515 ¹hujusmodi
312 1450 381 1509 erat,
400 1450 439 1508 ut,
457 1457 544 1513 quum
565 1439 672 1496 milites
697 1439 926 1510 reconciliasset,
948 1441 1028 1498 amit·

123 1528 196 1574 teret
220 1516 382 1592 optimates.
424 1518 554 1584 Quarum
574 1535 670 1574 rerum
693 1524 762 1575 cura
782 1517 974 1594 frangebatur,
999 1529 1028 1576 et
1048 1526 1066 1578 3

123 1597 254 1654 insuetus
268 1598 344 1654 male
359 1596 495 1653 audiendi
515 1614 573 1652 non
587 1615 666 1670 oequo
686 1597 780 1654 animo
801 1597 920 1666 ferebat,
934 1597 971 1654 de
993 1614 1026 1655 se

123 1677 158 1732 ab
179 1675 219 1731 iis
233 1675 309 1732 male
334 1674 503 1744 existimari,
527 1693 645 1748 quorum
663 1676 760 1750 paullo
782 1685 847 1732 ante
870 1675 901 1732 in
925 1677 1027 1733 coelum

123 1753 216 1811 fuerat
240 1755 333 1811 elatus
347 1754 488 1811 laudibus.
530 1753 643 1828 Vulgus
661 1764 765 1822 autem,
779 1754 893 1810 offensa
914 1753 945 1809 in
962 1773 1029 1811 eum

122 1833 245 1890 militum
259 1833 413 1902 voluntate,
428 1832 547 1890 liberius
568 1833 745 1906 loquebatur,
759 1841 788 1887 et
806 1841 958 1905 tyrannum
970 1849 1029 1889 nen

123 1911 273 1968 ferendum
286 1911 447 1969 dictitabat·

162 1989 249 2046 VIII.
272 1989 344 2046 Hac
354 1991 404 2046 ille
413 1990 536 2058 intuens,
547 2007 642 2063 quum,
653 1986 890 2062 quemadmodum
904 1987 1027 2058 sedaret,
1051 1992 1061 2048 1

122 2068 259 2137 nesciret,
269 2079 308 2138 et,
316 2087 449 2142 quorsum
460 2069 624 2137 eraderent,
632 2067 763 2136 timeret;
786 2066 958 2124 Callicrates
967 2066 1029 2140 qui·

123 2147 197 2216 dam,
213 2146 288 2203 ciris
303 2146 502 2215 Atheniensis,
517 2146 566 2220 qui
586 2145 672 2203 simul
693 2164 759 2202 cum
772 2163 808 2202 eo
823 2162 860 2201 ex
884 2145 1028 2221 Pelopon·
1131 2197 1137 2210 .

121 2225 235 2283 nesoin
249 2225 383 2282 Siciliam
390 2235 518 2295 venerat,
531 2225 616 2281 homo
631 2235 659 2282 et
673 2224 795 2281 callidus
806 2234 835 2280 et
848 2223 885 2280 ad
899 2223 1028 2282 fraudem

123 2314 234 2373 acutus,
249 2303 314 2361 sine
328 2305 387 2362 ulla
410 2304 552 2379 religione
567 2322 602 2359 ac
623 2303 690 2373 fide,
711 2303 770 2360 adit
788 2303 825 2360 ad
849 2302 983 2373 Dionem,
998 2313 1027 2361 et

122 2384 178 2440 ait:
202 2401 270 2440 eum
292 2383 347 2459 [in]
363 2401 467 2458 magno
479 2383 609 2457 periculo
624 2401 692 2438 esse
706 2393 821 2456 propter
836 2381 1027 2439 offensionem
1046 2385 1064 2439 2

122 2463 221 2537 populi
236 2471 266 2517 et
279 2462 376 2518 odium
383 2463 513 2530 militum,
522 2461 597 2535 quod
607 2461 687 2517 nullo
700 2461 785 2517 modo
794 2460 902 2517 evitare
916 2471 1026 2535 posset,

121 2541 178 2598 nisi
193 2539 284 2597 alicui
306 2558 421 2597 suorum
435 2540 581 2615 negotium
594 2539 683 2608 daret,
698 2539 746 2612 qui
761 2558 793 2595 se
815 2539 962 2596 simularet
983 2539 1027 2596 illi
1088 2579 1090 2582 <

118 2619 282 2676 inimicum.
324 2619 419 2684 Quem
432 2619 459 2675 si
474 2618 634 2675 invenisset
648 2617 792 2687 idoneum,
801 2617 888 2674 facile
900 2617 1027 2675 omnium

123 2699 234 2754 animos
263 2698 451 2772 cogniturum,
479 2697 714 2770 adversariosque
742 2697 926 2765 sublaturum,
952 2695 1027 2768 quod

122 2776 234 2833 inimici
263 2776 327 2851 ejus
352 2775 507 2833 dissidenti
541 2793 610 2838 suos
638 2793 742 2832 sensus
771 2773 895 2850 aperturi
923 2773 1024 2830 forent.

123 2854 189 2912 Tali
204 2854 330 2911 consilio
343 2856 460 2929 probato
470 2854 586 2929 excepit
599 2853 652 2910 has
661 2864 757 2929 partes
768 2854 832 2927 ipse
845 2852 1026 2920 Callicrates,
1047 2855 1065 2908 3

122 2944 192 2991 etse
204 2942 296 2990 armat
304 2932 492 3008 imprudentia
507 2932 622 2990 Dionis.
663 2932 709 2988 Ad
721 2950 786 2988 eum
797 2928 1028 2988 interficiendum

123 3013 221 3070 socios
228 3011 384 3084 conquirit;
396 3011 576 3068 adversarios
583 3012 646 3086 ejus
653 3009 797 3077 convenit,
803 3007 1028 3082 conjurationem

122 3091 281 3147 confirmat.
323 3089 394 3158 Res,
418 3090 514 3147 multis
536 3087 665 3146 consciis
687 3105 748 3160 quae
773 3095 929 3160 gereretur,
952 3085 1063 3143 elatal

122 3169 249 3226 defertur
263 3167 300 3224 ad
319 3167 548 3237 Aristomachen,
573 3184 701 3223 sororem
725 3165 840 3233 Dionis,
853 3181 1026 3239 uxoremque

123 3254 241 3304 Areten.
292 3246 353 3304 Illae
376 3246 477 3321 timore
501 3244 656 3321 perterrita
678 3242 859 3312 conveniunt,
882 3244 963 3320 cujus
987 3244 1049 3302 de*

122 3325 252 3400 periculo
273 3324 419 3381 timebant.
461 3326 500 3381 At
513 3325 562 3381 ille
577 3333 673 3397 negat,
688 3341 706 3377 a
723 3322 879 3379 Callicrate
893 3323 956 3380 fieri
971 3323 1027 3381 sibi

123 3403 255 3471 Insidias,
280 3401 333 3458 sed
357 3402 416 3472 illa,
438 3421 502 3476 quae
524 3412 686 3478 agerentur,
710 3401 773 3458 fieri
796 3412 940 3476 praeapte
964 3419 1027 3458 sue.

125 3481 267 3539 Mulieres
281 3479 373 3538 nihilo
388 3481 486 3537 secius
502 3481 687 3537 Callicratem
700 3479 730 3535 in
742 3479 832 3535 aedem
847 3479 1028 3552 Proserpinae
1048 3481 1064 3532 d
1116 3480 1117 3484 ’

125 3559 277 3629 deducrmt,
292 3578 326 3615 ac
347 3560 445 3635 jurare
460 3569 574 3633 cogrmt,
595 3557 669 3614 nihil
694 3559 729 3613 ab
750 3557 801 3613 illo
823 3555 945 3629 periculi
966 3554 1027 3610 sore

128 3636 225 3697 Dioni.
267 3637 323 3695 Ille
337 3636 393 3695 hec
407 3635 548 3713 religione
561 3653 620 3693 non
632 3635 717 3692 modo
730 3651 789 3690 non
802 3629 965 3701 deterritus,
975 3629 1029 3690 sed
