2378 4036
376 261 452 326 x11.
478 268 505 338 1,
521 270 551 338 2,
567 268 597 325 a.
642 260 833 343 (cuam.)
1010 267 1053 329 11

188 409 214 470 l.
257 407 409 478 Chabrias,
423 407 623 466 Atheniensis.
664 407 724 466 llic
748 426 860 483 quoque
883 407 914 466 in
934 407 1090 469 summial

149 487 264 547 habitus
276 497 323 545 est
330 487 460 557 ducibus,
468 505 573 562 resque
581 487 685 544 multas
693 485 831 544 memoria
839 485 941 563 dignas
953 487 1054 564 gessit.

150 567 212 626 Sed
223 565 554 624 exhiselucetmaxime
563 564 935 642 inventumejusiuproelio,
1002 592 1040 632 m

149 645 225 722 quod
239 644 316 721 apud
336 644 455 701 Thebas
469 643 549 713 iecit,
562 662 648 717 quum
668 643 789 701 Boeotiis
806 643 935 702 subsidio
968 651 988 681 Ἀ
1001 642 1025 682 ⁰·
1037 652 1063 694 ¹¹-

150 723 293 782 venisset.
334 721 466 796 Namque
491 721 523 779 11
537 739 574 778 11
586 722 707 779 victoria
727 722 834 780 fidente
855 738 965 780 summo
979 723 1053 780 duce
1073 727 1092 780 2

150 802 301 878 Agesilao,
310 799 415 876 fugatis
423 801 484 877 jam
492 801 528 857 ab
538 818 573 857 eo
582 800 765 857 conductitiis
775 800 907 871 catervis,
915 801 1055 877 reliquam

150 880 326 958 phalangem
349 879 415 936 loco
435 879 525 936 vetnit
546 878 662 949 cedere,
682 879 843 954 obnixoque
866 899 942 954 genu
962 890 1054 950 scuto,

150 959 281 1037 projecta
304 957 388 1014 hasta
405 958 543 1033 impetum
567 957 704 1033 excipere
725 956 853 1014 hostium
873 958 979 1016 docuit.
1020 958 1055 1016 Id

150 1056 256 1096 novum
264 1035 421 1112 Agesilaus
435 1045 576 1093 contuens
590 1035 724 1112 progredi
737 1047 852 1093 nonest
865 1055 961 1106 ausus,
973 1054 1054 1094 suos·

150 1135 205 1191 que
216 1116 279 1192 jam
293 1114 473 1171 incurrentes
487 1115 554 1171 tuba
567 1114 723 1172 revocavit.
764 1114 831 1172 Hoc
845 1132 986 1188 usqueeo
997 1124 1055 1171 tota
1076 1118 1092 1172 3

152 1194 268 1252 Graecia
288 1192 364 1250 fama
378 1193 552 1250 celebratum
567 1202 621 1262 est,
635 1203 666 1249 ut
685 1193 735 1250 illo
750 1203 824 1250 statu
839 1192 981 1250 Chabrias
1000 1192 1056 1250 sibi

103 1301 128 1331 x
150 1283 274 1329 statuam
287 1271 351 1328 fieri
364 1270 495 1345 minerii,
515 1290 577 1347 quae
599 1271 714 1346 publice
730 1272 758 1328 ei
778 1273 814 1328 ab
829 1271 1055 1329 Atheniensibus

150 1352 181 1408 in
204 1350 267 1408 foro
293 1349 446 1407 constituta
459 1360 529 1406 est...
554 1350 680 1424 Exque
703 1349 877 1419 factumest,
899 1360 931 1406 ut
953 1361 1056 1426 postea

151 1429 265 1488 athletae
276 1429 422 1503 ceterique
432 1429 557 1486 artifices
568 1427 615 1485 his
624 1428 743 1486 statibus
757 1429 788 1486 iu
797 1428 898 1486 statuis
912 1428 1054 1504 ponendis

103 1485 424 1645 ¹butelpgttuplquuibus
435 1507 584 1564 victoriam
598 1517 699 1564 essent
712 1507 818 1582 adepti.

225 1630 232 1643 .
255 1586 280 1644 C
320 1585 397 1642 brias
408 1595 503 1642 autem
513 1587 601 1643 multa
614 1585 645 1642 in
659 1586 777 1662 Europa
789 1587 867 1643 bella
877 1585 1056 1644 administra·
1078 1589 1091 1642 1

152 1664 200 1736 vit,
214 1682 302 1739 quum
315 1663 373 1720 dux
386 1663 608 1721 Atheniensium
632 1675 729 1734 esset;
753 1663 784 1721 in
804 1665 935 1740 AEgypto
996 1688 1034 1728 ³02

152 1763 204 1800 sua
224 1752 328 1818 sponte
354 1741 455 1818 gessit.
506 1743 584 1799 Nam
605 1743 788 1816 Nectenebin
812 1743 938 1817 adjutum
973 1737 1056 1776 ⁸·⁰·¹¹·

152 1821 308 1898 profectus,
334 1839 455 1895 regnum
482 1821 510 1877 ei
534 1820 691 1878 constituit.
744 1820 830 1877 Fecit
852 1819 930 1876 idem
955 1817 1055 1894 Cypri,
1075 1824 1094 1877 2

153 1901 205 1957 sed
224 1900 342 1976 publice
363 1900 398 1956 ab
412 1899 640 1957 Atheniensibus
665 1899 806 1974 Evagorae
829 1897 939 1974 adjutor
976 1927 1038 1978 [3372

153 1978 254 2048 datus;
274 1997 369 2053 neque
391 1978 470 2054 prius
492 1978 560 2036 iude
582 1976 730 2047 discessit,
745 1996 829 2051 quam
850 1986 938 2033 totam
963 1989 983 2016 ⁸·
992 1977 1016 2018 ⁰·
1025 1976 1056 2027 ¹¹·l

154 2057 277 2115 insulam
290 2057 368 2114 bello
382 2056 566 2114 devinceret:
592 2075 648 2132 qua
663 2075 701 2113 ex
720 2075 752 2112 re
767 2055 963 2113 Athenienses
977 2073 1055 2132 mag·

153 2155 217 2193 nam
239 2135 361 2212 gloriam
375 2145 441 2192 sunt
464 2135 570 2211 adepti.
611 2135 730 2193 Interim
743 2135 851 2192 bellum
864 2133 939 2191 inter
987 2165 1023 2205 ω,
1076 2137 1094 2192 3

155 2214 312 2290 AEgyptios
328 2224 357 2270 et
371 2214 479 2270 Persas
494 2214 709 2270 conflatumest.
739 2213 936 2271 Athenienses
960 2225 981 2254 ²·
997 2215 1022 2255 0·
1034 2226 1056 2255 ¹¹·

155 2292 739 2362 1111111111111111111111111111111111,
762 2291 976 2349 Lacedaemouii
990 2309 1056 2348 cnm

155 2370 313 2448 AEgyptiis,
342 2389 360 2427 a
389 2370 490 2445 quibus
518 2389 636 2446 magnas
670 2371 780 2446 predas
808 2371 974 2446 Agesilaus,
1003 2388 1056 2427 rex

155 2468 260 2520 eorum,
274 2448 409 2506 faciebat.
451 2445 485 2504 ld
495 2449 609 2506 intuens
625 2448 774 2520 Chabrias,
789 2467 874 2524 quum
888 2449 919 2505 in
931 2467 962 2506 re
976 2449 1056 2506 nulla

155 2528 293 2604 Agesilao
318 2527 444 2597 cederet,
471 2545 524 2584 sua
554 2538 655 2602 sponte
684 2546 735 2585 eos
761 2528 886 2604 adjutum
909 2526 1055 2603 profectus

155 2607 303 2683 AEgyptiae
316 2605 407 2662 classi
420 2605 539 2680 prefuit,
552 2605 734 2681 pedestribus
748 2607 841 2683 copiis
855 2605 1021 2682 Agesilaus.

190 2686 248 2744 111.
291 2684 368 2741 Tum
391 2683 519 2758 prefecti
542 2684 621 2760 regis
647 2685 756 2742 Persia
777 2685 889 2760 legatos
916 2684 1089 2742 miseranti

156 2763 284 2824 Athenas
317 2772 458 2837 questum,
491 2762 567 2837 quod
603 2762 744 2820 Chabrias
779 2764 930 2820 adversum
956 2781 1055 2837 regem

155 2842 259 2900 bellum
268 2852 384 2916 gereret
394 2859 460 2897 cum
470 2841 629 2917 AEgyptiis.
651 2841 848 2898 Athenienses
859 2841 1056 2897 diemcertam

156 2920 286 2978 Chabriae
300 2920 520 2995 prestituerunt,
533 2937 618 2994 quam
632 2931 697 2977 ante
713 2920 827 2977 domum
845 2917 904 2975 nisi
920 2917 1054 2986 redisset,

155 2999 256 3075 capitis
285 3016 318 3054 se
346 2998 427 3054 illum
454 2996 635 3055 damnaturos
662 2998 871 3054 denuntiarunt.
913 2993 979 3051 Hoc
1003 2994 1053 3052 ille

153 3077 250 3135 nuntio
275 3076 406 3133 Athenas
430 3075 524 3146 rediit,
548 3095 642 3151 neque
667 3075 707 3133 ibi
728 3074 834 3132 diutius
856 3083 901 3130 est
919 3082 1055 3146 moratus,

154 3173 234 3230 quam
247 3154 303 3212 fuit
315 3173 452 3211 necesse.
492 3155 560 3212 Non
572 3155 649 3212 enim
662 3155 785 3212 libenter
799 3162 859 3209 erat
873 3160 939 3208 ante
952 3152 1053 3211 oculos
1073 3159 1091 3213 2

154 3234 258 3292 civium
280 3251 413 3291 suorum:
443 3232 519 3307 quod
543 3243 572 3290 et
595 3233 709 3290 vivebat
730 3231 817 3300 laute,
842 3241 871 3288 et
890 3229 1055 3308 indulgebat

154 3312 204 3371 sibi
218 3311 380 3380 liberalius,
394 3330 479 3385 quam
496 3321 527 3368 ut
540 3311 678 3373 invidiam
692 3309 770 3385 vulgi
793 3320 894 3384 posset
914 3309 1052 3387 effugere.

155 3390 204 3462 Est
230 3390 310 3449 enim
337 3389 393 3448 hoc
418 3407 568 3446 commune
589 3390 689 3447 vitium
712 3389 743 3445 in
764 3389 875 3464 magnis
897 3389 1053 3464 liberisque
1073 3392 1091 3446 3

155 3469 327 3538 civitatibus,
337 3477 368 3524 ut
377 3467 485 3524 invidia
498 3468 595 3541 gloriae
610 3485 708 3525 comes
723 3467 770 3536 sit,
781 3478 811 3524 et
823 3467 946 3524 libenter
959 3467 995 3522 de
1006 3467 1053 3522 his

155 3547 310 3617 detrahant,
332 3564 405 3621 quos
426 3545 554 3602 eminere
573 3545 689 3602 videant
713 3545 816 3613 altius;
840 3562 934 3616 neque
958 3543 1053 3610 animo

156 3641 229 3716 aquo
248 3642 395 3710 pauperes
411 3623 536 3686 alienam
549 3623 726 3697 optdentium
745 3622 889 3690 intuuntur
902 3618 1054 3692 tartunam.

626 3704 645 3773 A
