2378 4036
160 274 221 337 102
269 268 378 335 XXV.
426 277 473 335 10.
520 268 572 354 (Τ.
588 268 785 370 Pomponius
799 269 949 352 Atticas.)

154 420 260 483 bantur
270 442 280 497 3
303 441 424 482 uxorem
446 422 585 481 Fulviam
606 423 740 481 omnibus
761 423 850 481 rebus
871 423 996 501 spoliare
1013 443 1052 482 cu

115 501 288 580 8piebant3
311 501 416 560 liberos
429 502 517 560 etiam
537 502 722 578 exstinguere
744 501 893 578 parabant.
936 503 1063 574 Atticus,

154 599 245 658 quum
266 581 416 639 Ciceronis
436 580 537 638 intima
559 578 754 638 familiaritate
768 589 907 650 uteretur,
922 582 1064 640 amicissi-

154 677 220 718 mus
233 669 309 718 esset
328 657 427 729 Bruto,
442 677 498 716 non
512 658 595 717 modo
608 659 680 717 nihil
702 660 740 717 iis
757 659 877 729 indulsit
891 659 927 717 ad
941 661 1063 718 Antoni·

153 756 204 796 um
218 738 395 810 violandum,
409 737 460 796 sed
474 757 491 796 e
505 739 649 797 contrario
671 737 832 796 familiares
851 739 917 816 ejus
940 757 976 797 ex
990 740 1064 797 urbe

152 815 357 895 profugientes,
379 826 520 895 quantum
542 818 641 894 potuit,
662 819 741 887 texit,
756 817 863 894 quibus
887 818 974 876 rebus
991 817 1063 875 indi·

113 898 133 952 4
153 906 289 974 guerunt,
305 896 424 974 adjuvit.
459 896 492 953 P.
509 914 578 954 vero
592 896 749 954 Volumnio
754 897 917 1033 ssa-“imi
934 907 965 954 ut
998 897 1064 955 lura

153 985 301 1052 aparente
324 976 469 1052 proficisci
488 993 544 1034 non
595 975 711 1034 tuerint.
769 994 812 1052 ps1
826 985 924 1033 autem
966 976 1063 1047 ulvis,

152 1073 244 1131 quum
265 1055 364 1113 litibus
378 995 750 1134 distineretuerTgnlsque
770 1055 928 1111 terroribus
943 1073 1062 1113 vexare·

152 1143 209 1205 tur,
213 1143 304 1214 Qu
325 1133 476 1210 diligentia
490 1133 617 1192 officium
632 1152 719 1192 suurn
741 1133 934 1211 praestitiam
947 1133 1062 1191 nullum

152 1212 205 1270 illa
219 1215 322 1272 stiterit
333 1213 529 1271 vadimonium
545 1214 607 1270 sine
621 1213 729 1281 Attico,
739 1212 787 1270 hic
802 1229 921 1289 sponsor
933 1213 1063 1271 omnium

19 1344 70 1370 κ
113 1293 133 1348 5
153 1281 361 1350 mmrfflirerit.
403 1292 485 1358 Quin
499 1293 596 1360 etiam,
610 1310 703 1368 quum
724 1291 777 1348 illa
791 1289 914 1348 fundum
933 1291 1063 1350 secunda

153 1369 267 1430 forturm
279 1366 399 1430 emisset
418 1372 448 1428 in
463 1371 548 1439 diem,
563 1389 659 1446 neque
674 1379 736 1447 post
748 1369 948 1432 calamitatem
962 1389 1061 1428 versu-

153 1466 216 1507 ram
238 1449 333 1522 facere
356 1451 503 1526 potuisset,
527 1449 578 1506 ille
605 1469 637 1507 se
655 1449 825 1526 interposuit
849 1449 1061 1526 pecuniamque

152 1528 214 1587 aine
229 1528 325 1587 fenore
340 1531 461 1606 sineque
476 1527 537 1586 ulla
554 1528 737 1605 stipulatione
754 1528 810 1605 [ei]
825 1527 955 1598 credidit,
970 1529 1061 1585 maxi·

153 1624 234 1665 mum
253 1609 421 1666 existimans
443 1617 595 1684 quaestum,
620 1625 777 1665 memorem
798 1617 973 1685 gratumque
995 1625 1061 1685 cog·

152 1688 242 1758 nosci,
257 1687 403 1764 simulque
427 1687 548 1764 aperire,
563 1705 595 1744 se
608 1705 663 1745 non
687 1685 817 1755 fortunae,
833 1685 883 1743 sed
897 1685 1062 1744 hominibus

114 1767 132 1822 6
153 1765 246 1824 solere
267 1785 332 1824 esse
351 1767 491 1824 amicum.
532 1765 608 1832 Quae
629 1784 720 1842 quum
744 1763 877 1835 faciebat,
892 1783 977 1822 nemo
994 1784 1062 1822 eum

152 1846 289 1923 temporis
303 1865 394 1904 causa
408 1845 507 1904 facere
522 1854 632 1922 poterat
645 1844 819 1903 existimare.
850 1843 970 1902 Nemini
984 1844 1061 1901 enim

114 1925 133 1978 7
153 1923 183 1981 in
197 1925 359 2001 opinionem
373 1925 515 1994 veniebat,
531 1924 691 1982 Antonium
702 1940 800 1980 rerum
811 1923 977 1999 potiturum.
1004 1922 1062 1980 Sed

154 2005 261 2063 sensim
275 2004 301 2061 is
316 2023 334 2061 a
347 2004 494 2062 nonnullis
507 2003 691 2078 optimatibus
706 2000 976 2079 reprehendebatur,
985 2000 1062 2077 qnod

153 2100 257 2158 perum
278 2081 372 2140 odisse
394 2082 486 2140 malos
507 2082 588 2139 cives
610 2081 768 2139 videretur.
823 2079 876 2138 llle
899 2088 996 2137 autem
1015 2080 1062 2137 sui

150 2159 254 2236 judicii
269 2160 371 2235 potius,
386 2159 456 2236 quid
466 2180 498 2218 se
513 2159 609 2218 facere
623 2178 676 2237 par
689 2169 774 2230 esset,
786 2159 960 2228 intuebatur,
972 2177 1062 2235 quam

153 2237 222 2314 qnid
237 2237 288 2295 alii
302 2236 450 2296 laudaturi
465 2237 567 2296 forent.

117 2318 131 2370 1
194 2315 231 2374 X.
252 2316 400 2375 Conversa
413 2318 507 2376 subito
527 2316 643 2376 fortuna
655 2326 708 2376 est.
751 2317 791 2376 Ut
812 2316 958 2374 Antonius
979 2315 1063 2374 rediit

153 2394 183 2452 in
198 2393 321 2465 Italiam,
331 2413 416 2454 nemo
428 2414 600 2474 nonmagna
613 2397 643 2454 iu
659 2396 788 2474 periculo
799 2396 933 2454 Atticum
947 2404 1063 2471 putarat

115 2475 134 2528 2
154 2483 271 2551 propter
282 2474 414 2531 intimam
429 2475 655 2534 familiaritatem
669 2475 819 2534 Ciceronis
832 2483 862 2532 et
875 2472 970 2532 Bruti.
1005 2472 1063 2532 Ita-

154 2571 211 2629 qne
222 2550 258 2610 ad
273 2551 429 2611 adventum
442 2554 648 2631 imperatorum
659 2553 695 2611 de
707 2553 768 2612 foro
776 2553 949 2622 decesserat,
958 2553 1063 2610 timens

154 2631 399 2709 proscriptionem,
414 2633 578 2710 latebatque
593 2633 669 2711 apud
692 2632 725 2690 P.
741 2631 942 2702 Volumnium,
957 2631 1016 2702 cui,
1031 2642 1064 2689 ut

153 2710 338 2780 ostendimus,
357 2711 456 2788 paullo
478 2721 544 2770 ante
568 2731 651 2790 opem
676 2711 798 2770 tulerat:
819 2709 914 2804 (tanta
937 2709 1064 2768 varietas

154 2789 190 2849 iis
210 2789 388 2868 temporibus
410 2790 464 2849 fuit
488 2789 620 2860 fortunae,
645 2789 784 2870 Qmodo
806 2769 943 2860 baffio
967 2787 1011 2846 illi
1033 2788 1064 2846 in

29 2846 120 2957 fi*
154 2888 267 2928 summo
281 2879 377 2928 essent
392 2879 442 2928 aut
453 2867 576 2947 fastigio,
599 2880 649 2928 aut
668 2868 810 2946 periculo)
825 2868 1006 2945 habebatque
1020 2886 1063 2926 se-

155 2968 224 3007 cum
244 2930 431 3016 limium
445 2947 568 3017 Canum,
588 2949 730 3023 aequalem
745 2947 985 3023 simillimumque
1006 2945 1062 3004 sui.

116 3028 134 3082 3
155 3027 220 3086 Hoc
242 3047 357 3105 quoque
380 3029 417 3087 sit
441 3027 533 3086 Attici
555 3027 688 3085 bonitatis
708 3026 883 3103 exemplum,
898 3023 974 3101 quod
995 3042 1064 3082 cum

155 3126 198 3177 eo,
223 3127 310 3182 quem
335 3125 458 3185 puerum
477 3106 507 3164 in
529 3105 597 3164 ludo
618 3115 799 3184 cognoverat,
814 3103 887 3163 adeo
909 3103 1064 3178 conjuncte

64 3231 67 3239 ,
156 3186 236 3255 vixit,
251 3195 283 3243 ut
297 3186 333 3243 ad
357 3197 517 3245 extremam
531 3194 645 3244 aetatem
666 3183 794 3243 amicitia
807 3176 908 3242 effrem
928 3181 1064 3260 cgege-rit.
1088 3201 1181 3220 --

120 3265 135 3320 i
155 3252 301 3320 Antonius
315 3275 420 3336 autem,
435 3266 490 3323 etsi
502 3261 581 3323 tarito
594 3263 659 3323 odio
673 3263 820 3322 ferebatur
839 3263 870 3320 in
882 3259 1064 3330 Ciceronem,

155 3349 267 3398 utnon
291 3342 384 3400 solum
404 3344 441 3413 ei,
456 3326 653 3402 sufflas
667 3343 754 3401 etiam
779 3342 843 3419 ejus
867 3339 969 3398 amicis
991 3351 1066 3397 esset
1101 3337 1155 3428 †

137 3395 300 3500 immicus,
322 3439 428 3497 eosque
442 3422 531 3479 vellet
552 3421 742 3499 proscribere,
768 3420 867 3478 multis
886 3409 1162 3528 hortanir‘BrTa‘7t

154 3507 253 3558 tamen
267 3497 359 3556 Attici
381 3483 666 3570 memor-fuitofficii,
681 3509 711 3558 et
728 3499 765 3570 ei,
779 3518 872 3576 quum
889 3497 1065 3575 requisisset,

135 3653 138 3656 ⁴
156 3577 276 3636 ubinam
290 3585 374 3648 esset,
389 3596 444 3636 sua
462 3596 551 3636 manu
565 3579 689 3656 scripsit,
704 3597 742 3636 ne
766 3579 889 3648 timeret,
911 3577 1066 3653 statimqne

146 3655 191 3712 ad
197 3675 235 3714 se
245 3657 378 3716 veniret:
398 3675 432 3715 se
446 3673 524 3725 eum,
533 3665 562 3714 et
576 3655 657 3715 illius
669 3674 762 3715 causa
775 3654 937 3733 [Gellium]
951 3654 1067 3714 Canum
