2378 4036
359 256 433 322 XX.
478 265 507 332 2,
522 265 552 321 3.
599 255 799 340 (Timoleon.)
991 264 1034 324 88

122 412 194 473 sidio
208 411 272 482 fuit,
287 430 324 470 ne
338 412 405 489 quis
421 411 537 469 satelles
552 419 646 487 posset
656 429 841 469 succurrere.
884 410 950 470 Hoc
964 429 1035 488 praa·
1055 415 1075 470 b

123 492 320 552 clarissimum
336 491 402 568 ejus
423 489 537 548 facinus
557 507 614 548 non
635 489 699 566 pari
720 490 802 548 modo
822 490 973 566 probatum
993 499 1036 550 est

122 572 160 630 ab
173 570 318 629 omnibus.
361 568 505 627 Nonnulli
525 569 605 626 enim
614 568 720 635 laesam
734 569 771 624 ab
785 588 820 626 eo
834 569 969 646 pietatem
983 586 1034 646 pu-

123 649 230 720 tabant,
256 658 285 707 et
309 648 421 706 invidia
445 647 562 704 laudem
583 647 698 704 virtutis
721 647 898 705 obterebant.
940 647 1036 706 Mater

123 746 192 787 vero
211 737 274 806 post
288 727 317 784 id
332 727 443 785 facturn
457 743 553 800 neque
568 725 685 782 domum
706 724 743 782 ad
757 745 788 782 se
802 725 895 784 filium
911 726 1034 797 admisit,

123 825 219 884 neque
234 805 374 883 adspexit,
389 806 460 882 quin
474 823 541 862 eum
558 803 736 862 fratricidam
750 805 929 880 impiumque
943 805 1034 863 detes·

123 896 188 944 tans
202 885 400 963 compellaret.
428 883 545 949 Quibus
559 883 645 940 rebus
660 881 793 970 Qlle
807 893 851 940 est
865 894 1033 954 commotus,
1055 888 1073 942 6
1116 917 1177 937 .-

124 973 156 1022 ut
177 982 396 1040 nonnumquam
417 963 485 1020 vitae
508 962 597 1019 finem
622 960 719 1019 facere
741 960 871 1031 vfflt,
887 972 973 1038 atque
998 980 1034 1020 ex

119 1037 302 1121 ingratorum
317 1042 464 1099 hominum
480 1049 636 1116 conspectu
650 1050 740 1096 morte
755 1038 905 1097 decedere.

163 1120 202 1179 II.
235 1119 355 1179 Interim
384 1119 477 1178 Dione
506 1119 662 1195 Syracusis
689 1117 849 1188 interfecto,
875 1117 1071 1194 Dionysiusl

124 1218 225 1257 rursus
239 1199 457 1275 Syracusarum
471 1199 578 1275 potitus
591 1206 651 1254 est:
673 1197 759 1273 cujus
773 1197 930 1254 adversarii
951 1216 1034 1274 opem
1120 1230 1123 1236 ·

124 1298 141 1335 a
155 1278 311 1336 Corinthiis
318 1279 478 1354 petierunt,
490 1277 662 1352 ducemque,
674 1294 731 1351 quo
745 1277 775 1331 in
790 1275 865 1334 bello
874 1286 1033 1347 uterentur,

124 1356 316 1432 postularunt.
358 1356 428 1414 Huc
453 1354 606 1412 Timoleon
627 1355 733 1412 missus
757 1355 920 1412 incredibili
942 1353 1033 1414 felici-

124 1446 181 1492 tate
196 1435 370 1510 Dionysium
392 1445 450 1492 tota
471 1434 573 1492 Sicilia
587 1433 706 1509 depulit.
749 1432 850 1498 Quum
868 1434 1033 1492 interficere
1054 1440 1073 1491 2

109 1524 226 1592 ¹posset,
255 1514 355 1584 noluit,
384 1523 502 1590 tutoque
531 1523 563 1570 ut
590 1512 760 1570 Corinthum
789 1514 961 1588 perveniret,
990 1512 1030 1570 ef-

124 1591 212 1650 fecit:
234 1592 310 1667 quod
332 1604 520 1668 utrorumque
545 1590 752 1666 Dionysiorum
767 1591 869 1668 opibus
891 1591 1033 1649 Corinthii

123 1690 200 1748 saepe
215 1671 308 1748 adjuti
327 1670 451 1742 fuerant,
467 1671 553 1746 cujus
564 1670 758 1746 'benignitatis
773 1671 942 1726 memoriam
956 1671 1032 1728 vole-

123 1751 172 1808 bat
186 1759 302 1808 exstare
312 1769 321 1822 ;
345 1769 469 1826 eamque
488 1749 659 1826 praeclaram
682 1748 832 1805 victoriam
855 1748 987 1817 ducebat,
1002 1749 1031 1804 in

121 1849 180 1905 qua
195 1830 261 1906 plus
275 1839 351 1887 esset
365 1829 536 1898 clementiae,
551 1847 639 1904 quam
653 1826 852 1898 crudelitatis3
883 1837 1032 1901 postremo,

123 1918 226 1966 utnon
241 1908 335 1966 solum
350 1908 470 1966 auribus
484 1909 675 1984 acciperetur,
691 1905 741 1962 sed
762 1904 849 1961 etiam
863 1905 956 1961 oculis
970 1924 1032 1962 oer-

123 1997 251 2057 neretur,
266 2007 353 2064 quem
378 1996 406 2044 et
431 2006 467 2044 ex
481 1997 588 2061 quanto
613 2002 702 2061 regno
717 1982 753 2040 ad
775 2002 863 2058 quam
890 1982 1032 2041 fortunam

122 2066 300 2124 detrusisset.
343 2067 409 2124 Post
423 2064 556 2139 Dionysii
571 2065 723 2121 decessum
739 2082 806 2120 cum
824 2063 930 2120 Hiceta
944 2063 1031 2120 bella·
1054 2070 1071 2122 3

124 2145 173 2214 vit,
188 2145 239 2220 qui
254 2144 424 2203 adversatus
440 2142 535 2202 fuerat
555 2142 711 2217 Dionysio:
732 2160 819 2217 quem
833 2161 890 2200 non
904 2143 967 2200 odio
988 2152 1031 2218 ty-

124 2222 252 2281 rannidis
276 2223 454 2293 dissensisse,
480 2222 528 2281 sed
554 2221 719 2298 eupiditate,
743 2221 849 2279 indicio
873 2221 934 2292 suit,
956 2222 1032 2298 quod

123 2304 193 2379 ipse,
208 2303 330 2379 expulso
343 2301 493 2378 Dionysio,
509 2301 663 2378 imperium
678 2300 820 2358 dimittere
835 2302 935 2359 noluit.
966 2301 1070 2360 Hocd
1118 2336 1120 2340 ·

123 2391 266 2458 superato,
282 2379 434 2438 Timoleon
459 2381 603 2437 maximas
623 2380 721 2456 copias
746 2379 1031 2457 Carthaginiensium

123 2459 200 2535 apud
214 2458 386 2517 Crimissum
401 2460 510 2517 flumen
526 2457 646 2534 fugavit,
662 2477 698 2515 ac
713 2458 782 2515 satis
803 2459 910 2515 habere
928 2460 1030 2537 coegit,

121 2539 147 2595 si
168 2537 269 2596 liceret
293 2537 428 2596 Africam
450 2538 589 2606 obtinere,
604 2537 655 2613 qui
673 2535 734 2610 jam
759 2537 923 2613 complures
943 2557 1032 2596 annos

188 2617 330 2674 essionem
344 2616 454 2675 Siciliae
467 2615 612 2674 tenebant.
639 2614 724 2691 Cepit
736 2615 823 2672 etiam
840 2615 1030 2688 Mamercum,

52 2736 55 2740 -
123 2635 258 2753 lbdllcum
280 2694 394 2766 ducem,
409 2695 555 2753 hominem
578 2693 749 2753 bellicosum
764 2704 792 2752 et
806 2705 959 2771 potentem,
980 2697 1031 2772 qui

123 2784 263 2848 tyrannos
278 2774 409 2850 adjutum
424 2774 455 2831 in
469 2773 602 2832 Siciliam
616 2782 745 2830 venerat.

161 2848 214 2911 III.
237 2853 354 2919 Quibus
368 2854 457 2911 rebus
471 2850 610 2911 confectis
624 2871 715 2928 quum
733 2861 847 2928 propter
860 2851 1030 2909 diutumita-
1054 2858 1066 2910 l

122 2941 181 2989 tem
195 2931 264 2990 belli
285 2950 341 2989 nou
355 2931 449 2990 solum
465 2932 606 3008 regiones,
622 2930 672 2988 sed
693 2931 781 2987 etiam
802 2930 889 2987 urbes
903 2929 1031 2987 desertas

123 3009 241 3081 videret,
263 3011 446 3086 conquisivit,
461 3030 533 3087 quos
558 3010 657 3088 potuit,
679 3009 804 3086 primum
827 3006 960 3080 Siculos3
984 3006 1030 3065 de-

122 3088 188 3148 inde
212 3088 349 3149 Corintho
364 3089 514 3147 arcessivit
527 3088 651 3158 colonos,
667 3086 742 3163 quod
765 3086 801 3142 ab
822 3086 867 3142 his
881 3086 962 3143 initio
976 3085 1030 3164 Sy-

122 3168 235 3227 racusae
249 3178 332 3226 eraut
345 3168 477 3226 conditae.
519 3167 641 3226 Civibus
655 3165 802 3222 veteribus
816 3183 871 3222 sua
885 3165 1028 3240 restituit;
1051 3171 1069 3224 2

121 3247 204 3306 novis
227 3246 304 3305 bello
328 3245 514 3305 vacuefactas
540 3245 733 3324 possessiones
760 3243 875 3317 divisit3
915 3245 1030 3305 urbium

121 3326 229 3385 moenia
238 3325 360 3402 disjecta
371 3325 498 3401 fanaque
507 3325 622 3384 deserta
635 3321 755 3395 refecit3
772 3323 937 3382 civitatibus
950 3324 1031 3403 leges

121 3404 341 3482 libertatemque
356 3403 495 3478 reddidit;
518 3421 555 3462 ex
569 3404 695 3462 maximo
719 3401 794 3460 bello
809 3405 1031 3480 Qtluflt

120 3492 185 3542 totae
198 3482 302 3542 insulsa
316 3483 491 3553 conciliavit,
507 3483 610 3559 tat-hic
633 3481 762 3540 conditor
776 3482 893 3539 urbium
918 3499 1029 3553 earum,
1098 3525 1099 3528 η

121 3579 176 3620 non
191 3562 245 3634 illi,
260 3562 311 3639 qui
335 3561 417 3621 initio
437 3560 627 3630 deduxerant,
642 3559 832 3637 vile-retur.-
843 3561 954 3617 Arcem
974 3556 1029 3632 Sy·
1050 3561 1068 3637 ἦ

122 3641 244 3712 racusis,
254 3659 343 3718 quam
354 3639 500 3698 munierat
507 3636 667 3713 Dionysius
678 3637 714 3694 ad
724 3637 825 3694 urbem
834 3634 1028 3718 obsidendam,
