2378 4036
362 242 452 308 xix.
496 249 570 319 aa.
617 240 796 327 (raam)
987 254 1027 313 οι

124 394 255 456 Demade
267 395 304 456 de
318 397 391 454 urbe
404 396 543 455 tradenda
557 396 712 472 Antipatro
725 409 932 472 consenserat3
955 399 1030 476 ejus·

122 495 179 553 que
193 476 315 534 oonsilio
329 474 539 534 Demosthenes
552 493 621 533 cum
642 476 758 544 ceteris,
772 477 823 551 qui
844 478 917 535 bene
928 477 966 545 ¹de
987 496 1030 536 re.

122 553 241 631 publica
262 555 358 611 meriti
383 553 631 624 existimabantur,
647 553 817 629 populiscitu
842 556 872 612 in
894 556 1029 614 exsilium

122 641 205 690 erant
221 631 346 709 expulsi.
387 631 493 707 Neque
507 632 538 688 in
552 649 587 688 eo
600 632 694 689 solum
708 630 873 702 offenderat,
891 634 967 708 quod
981 652 1028 709 pa·

121 711 185 769 triae
198 711 276 769 male
289 711 485 782 consuluerat,
500 709 551 767 sed
572 711 669 778 etiarn,
684 709 760 784 quod
784 713 919 769 amicitiae
942 712 1029 770 iidem

121 807 178 846 non
193 789 373 866 praestiterat.
414 788 551 864 Namque
566 797 671 846 auctus
691 787 863 864 adiutusque
879 810 896 847 a
910 788 1027 848 Demos·
1050 792 1067 848 8

122 867 208 925 thene
226 886 304 936 eum,
320 887 408 942 quem
429 867 554 936 tenebat,
576 864 765 924 adscenderat
784 868 916 942 gradum,
938 886 1028 944 quum

122 944 262 1004 adversus
274 944 429 1004 Charetem
444 963 512 1002 eum
526 945 714 1002 subornaret:
737 945 886 1003 abeodem
901 947 930 1002 in
952 945 1027 1022 judi-

121 1023 184 1093 ciis,
198 1042 289 1099 quum
314 1025 415 1100 capitis
435 1041 556 1082 causam
570 1022 687 1091 diceret,
709 1021 844 1080 defensus
868 1024 1028 1100 aliquoties,

121 1100 262 1159 liberatus
275 1101 457 1161 discesserat.
492 1101 583 1159 Hunc
597 1120 653 1158 non
667 1101 760 1159 solum
775 1102 805 1157 in
820 1103 958 1177 periculis
972 1121 1028 1159 non

121 1177 256 1250 defendit,
271 1180 322 1237 sed
346 1182 432 1238 etiam
454 1179 584 1256 prodidit.
627 1179 758 1238 Concidit
782 1190 878 1236 autem
903 1180 1027 1238 maxime
1048 1183 1065 1236 4

122 1275 179 1315 uno
192 1259 323 1327 crimine,
338 1259 423 1334 quod,
438 1277 530 1333 quum
543 1257 619 1333 apud
640 1277 707 1315 eum
727 1276 872 1314 summum
887 1268 962 1316 esset
975 1259 1027 1314 im.

122 1336 235 1410 perium
260 1337 366 1412 populi,
389 1348 426 1407 et,
452 1337 639 1406 Nicanorem,
664 1336 819 1394 Cassandri
847 1335 1026 1413 praefectum,

122 1413 251 1471 insidiari
266 1415 375 1472 Piraeeo
390 1415 623 1484 Atheniensium,
645 1433 663 1472 a
686 1413 827 1490 Dercyllo
852 1424 1025 1486 moneretur,

121 1492 255 1568 idemque
269 1492 434 1569 postularet,
449 1503 480 1550 ut
494 1492 664 1569 provideret,
679 1512 715 1550 ne
730 1495 937 1566 commeatibus
956 1494 1025 1551 civ-i-

121 1581 165 1628 tas
179 1572 354 1646 privaretur,
375 1572 453 1641 huic,
469 1571 603 1628 audiente
625 1572 736 1647 populo,
761 1571 886 1629 Phocion
908 1573 1027 1649 negavit

122 1668 185 1706 esse
206 1650 378 1724 periculum,
400 1669 489 1726 seque
504 1649 567 1724 ejus
582 1651 624 1706 rei
648 1649 776 1706 obsidem
800 1649 860 1706 sore
881 1651 1026 1725 pollicitus

98 1768 101 1772 Δ
122 1736 174 1784 est.
215 1727 321 1803 Neque
336 1730 376 1786 ita
390 1729 480 1786 multo
494 1737 556 1804 post
576 1728 709 1784 Nicanor
730 1727 838 1784 Piraeeo
853 1738 896 1784 est
910 1729 1023 1803 potitus.
1046 1729 1064 1782 5

123 1805 171 1862 Ad
196 1825 282 1880 quern
307 1807 540 1883 recuperandum
561 1824 652 1881 quum
674 1805 796 1881 populus
817 1815 945 1861 armatus
960 1825 1025 1862 con·

122 1885 268 1953 currisset,
284 1885 334 1942 ille
348 1903 405 1942 non
419 1885 501 1943 modo
515 1885 659 1941 neminem
685 1883 720 1940 ad
741 1901 823 1938 arma
837 1884 959 1952 vocavit,
975 1883 1025 1940 sed

123 1981 159 2020 ne
173 1964 291 2021 armatis
304 1963 421 2038 quidem
445 1981 567 2040 praeesse
582 1963 681 2020 voluit.
725 1961 808 2038 [Sine
829 1980 887 2036 quo
902 1962 1026 2018 Athenae

122 2041 236 2098 omnino
250 2060 383 2098 essenon
398 2041 541 2118 possunt]

160 2119 214 2178 III.
235 2119 329 2177 Erant
339 2140 373 2177 eo
383 2130 510 2196 tempore
524 2120 649 2176 Athenis
659 2119 724 2176 duae
739 2117 885 2188 factiones,
901 2137 1025 2194 quarum
1048 2120 1062 2174 1

122 2216 181 2254 una
203 2199 300 2274 populi
324 2217 444 2256 causam
458 2198 571 2275 agebat,
586 2198 677 2255 altera
690 2199 868 2274 optimatum.
910 2197 944 2256 In
969 2197 1024 2256 hac

121 2286 183 2332 erat
196 2275 322 2334 Phocion
336 2286 364 2334 et
377 2275 544 2334 Demetrius
558 2276 725 2333 Phalereus.
769 2275 882 2334 Harum
902 2286 1024 2352 utraque

121 2352 313 2412 Macedonum
327 2355 492 2430 patrociniis
512 2355 665 2412 nitebatur.
708 2354 787 2411 Nam
802 2354 954 2432 populares
972 2354 1023 2412 Po-

121 2432 317 2508 lysperchonti
332 2432 485 2504 favebant;
508 2433 658 2509 optimates
682 2452 750 2490 cum
776 2433 937 2491 Cassandro
961 2451 1024 2491 sen-

120 2511 238 2568 tiebant.
260 2509 378 2569 Interim
393 2531 410 2568 a
424 2511 667 2586 Polysperchonte
678 2511 840 2568 Cassander
855 2510 1024 2570 Macedonia
1044 2515 1063 2568 2

120 2588 223 2665 pulsus
235 2599 288 2648 est.
330 2589 398 2654 Quo
421 2588 497 2646 facto
520 2589 643 2665 populus
663 2590 794 2666 superior
814 2589 908 2647 sactus
928 2591 1024 2649 statim

120 2666 210 2725 duces
225 2666 397 2726 adversariae
411 2666 543 2725 factionis
556 2668 658 2744 capitis
672 2667 820 2726 damnatos
830 2669 923 2744 patria
973 2687 1023 2744 pu-

120 2745 172 2818 lit;
193 2746 224 2803 in
239 2745 284 2804 his
298 2745 470 2804 Phocionem
481 2755 509 2803 et
523 2744 704 2803 Demetrium
718 2745 909 2804 Phalereurn:
949 2765 1024 2822 eque

120 2842 157 2881 ea
170 2841 201 2880 re
215 2823 325 2900 legatos
339 2823 375 2880 ad
392 2823 664 2899 Polysperchontem
679 2825 765 2894 misit,
780 2825 831 2900 qui
845 2825 881 2880 ab
900 2843 934 2880 eo
947 2833 1023 2898 pete·

122 2911 193 2969 rent,
208 2911 241 2959 ut
254 2921 309 2960 sua
322 2901 440 2960 decreta
453 2901 645 2960 confirmaret.
682 2901 752 2960 Huc
766 2902 865 2959 eodem
880 2899 1025 2976 profectus
1045 2907 1062 2961 3

121 2989 164 3038 est
182 2980 318 3038 Phocion.
361 2979 428 3045 Quo
453 2989 485 3038 ut
508 2981 595 3050 venit,
617 2999 737 3038 eausam
762 2979 838 3054 apud
860 2978 1023 3054 Philippum

120 3076 220 3136 regem
243 3059 340 3128 verbo,
369 3077 401 3116 re
425 3059 488 3134 ipsa
512 3059 628 3134 quidem
650 3058 726 3133 apud
750 3057 1023 3132 Polysperchontem

118 3136 216 3212 jussus
228 3147 271 3195 est
292 3136 406 3196 dicere:
427 3156 552 3213 namque
566 3139 591 3194 is
613 3146 673 3194 tum
690 3137 766 3212 regis
780 3136 866 3192 rebus
891 3145 1022 3211 praeerat.

120 3214 178 3274 Hic
203 3215 239 3273 ab
260 3215 415 3293 Agnonide
439 3227 603 3285 accusatus,
618 3214 694 3290 quod
715 3213 856 3270 Piraeeum
882 3213 1023 3274 Nicanori
1044 3221 1062 3277 4

119 3293 296 3370 prodidisset,
311 3313 348 3352 cx
362 3294 474 3352 consilii
488 3295 628 3352 sententia
642 3293 672 3349 in
687 3291 844 3350 custodiam
865 3293 1022 3369 conjectus,

121 3369 252 3431 Athenas
262 3371 404 3431 deductus
414 3382 465 3443 est,
475 3382 507 3430 ut
517 3372 600 3430 ibide
612 3391 646 3429 eo
654 3371 767 3449 legibus
778 3371 860 3429 fieret
867 3371 1021 3447 judicium.

158 3449 212 3510 lv.
234 3449 305 3510 Huc
329 3451 378 3509 ubi
400 3461 570 3529 perventum
594 3460 645 3518 est,
660 3468 752 3526 quum
772 3460 886 3526 propter
910 3461 1023 3508 aetatem
1046 3450 1055 3502 l

120 3528 240 3606 pedibus
250 3529 312 3605 jam
326 3548 383 3588 non
397 3528 515 3600 valeret,
531 3528 724 3605 vehiculoque
739 3537 909 3604 portaretur,
925 3527 1024 3603 magni

119 3625 281 3669 concursus
299 3617 368 3666 suut
392 3605 472 3678 facti,
486 3624 576 3684 quum
598 3604 657 3677 alii,
680 3605 897 3664 reminiscentes
916 3601 1023 3662 veteris
