2378 4036
334 281 458 362 ιιιιιιι.
504 288 531 358 ι,
546 289 576 348 2.
623 279 827 365 (nattam.)
892 278 899 293 ’
991 284 1035 347 sc

257 673 463 750 XXIII.
515 669 877 747 HANNIBAL

164 984 188 1044 l.
210 983 367 1056 Hannibal,
389 983 566 1043 Hamilcaris
580 984 673 1120 pilius,
702 983 954 1059 Carthaginiensis.
1004 981 1071 1041 Sil

125 1080 229 1123 rerum
252 1075 305 1136 ost,
326 1064 402 1142 quod
431 1083 516 1122 nemo
539 1064 579 1121 du
599 1064 660 1133 itat,
686 1072 718 1120 ut
739 1063 863 1138 populus
886 1061 1037 1119 Romanus

124 1162 224 1202 omnes
250 1155 351 1221 gentes
375 1144 481 1201 virtute
509 1143 665 1218 superarit,
691 1159 749 1198 non
774 1151 816 1198 est
843 1139 1036 1210 infitiandum,

125 1220 323 1280 Hannibalem
348 1233 426 1281 tanto
450 1223 615 1298 prestitisse
637 1230 747 1278 ceteros
767 1221 956 1297 imperatores
970 1236 1036 1294 pru·

125 1299 231 1372 dantia,
246 1312 353 1377 quanto
377 1301 501 1377 populus
525 1301 677 1358 Romanus
698 1298 848 1357 antecedat
871 1297 1037 1356 fortitudine

47 1380 58 1392 ’
125 1390 247 1438 cunctas
270 1382 409 1438 nationes
451 1379 531 1438 Nam
555 1381 793 1455 quotiescumque
817 1397 886 1436 cum
911 1397 945 1435 eo
969 1379 1075 1436 con-t

124 1477 244 1535 gressus
257 1470 301 1517 est
325 1459 355 1516 in
370 1458 462 1528 ltalia,
478 1477 593 1535 semper
616 1458 748 1515 discessit
767 1457 909 1532 superior.
949 1454 1037 1522 Quod

124 1538 180 1594 nisi
202 1537 280 1597 domi
304 1538 413 1596 civium
428 1556 548 1596 suorum
572 1536 681 1593 invidia
701 1535 866 1593 debilitatus
879 1545 963 1605 esset,
979 1532 1035 1593 Ro·

125 1608 227 1675 manos
241 1615 390 1674 videretur
403 1634 543 1693 superare
557 1617 694 1691 potuisse.
736 1614 793 1672 Sed
815 1615 972 1673 multarum
986 1614 1034 1672 cb

124 1696 256 1756 trectatio
269 1695 377 1754 devicit
403 1697 490 1753 unius
504 1695 651 1752 virtutem.
694 1693 754 1750 Hic
768 1702 867 1750 autem
882 1692 962 1750 velut
986 1692 1034 1750 he·
1057 1695 1076 1749 3

125 1773 245 1832 reditate
270 1775 405 1832 relictum
430 1774 528 1832 odium
553 1784 706 1849 paternum
728 1791 800 1848 erga
825 1770 969 1828 Romanos
993 1770 1036 1828 sic

123 1853 318 1923 conservavit,
327 1863 366 1940 ut
379 1854 461 1930 prius
474 1854 612 1922 animam,
624 1869 712 1927 quam
727 1850 765 1920 id,
780 1849 962 1929 depqsuerit:
975 1835 1056 1942 ᾖ·
1073 1850 1143 1863 ““““

145 1931 252 2002 uidem,
266 1951 360 2008 quum
381 1933 474 2009 patric
488 1932 591 2008 pulsus
606 1941 691 1999 esset,
707 1939 736 1987 et
761 1928 924 1988 alienarum
948 1946 1036 2003 opum

123 1950 277 2088 lhofghrea
291 2029 452 2087 numquam
474 2010 615 2091 desmerit
640 2009 736 2066 animo
757 2007 867 2066 bellare
888 2025 957 2064 cum
979 2005 1035 2065 Rc·
1068 2035 1151 2059 ..l

125 2107 231 2147 mams.
337 2138 339 2143 .

163 2166 202 2226 Π.
223 2167 304 2226 Nam
319 2178 351 2226 ut
363 2168 493 2227 omittam
508 2167 682 2244 Philippum,
697 2187 785 2245 quem
800 2165 905 2224 absens
925 2165 1035 2225 hostem
1058 2166 1073 2222 1

125 2246 246 2305 reddidit
260 2246 419 2305 Romanis:
433 2247 563 2306 omnium
577 2247 622 2304 his
636 2247 812 2324 temporibus
823 2246 1036 2322 potentissimus

125 2343 176 2384 rex
204 2326 370 2385 Antiochus
395 2325 476 2384 fuit„
501 2325 591 2383 Hunc
619 2335 700 2383 tanta
723 2325 879 2402 cupiditate
908 2325 1036 2384 incendit

125 2404 260 2473 bellandi,
271 2414 303 2463 ut
317 2423 409 2481 usquc
425 2423 443 2461 a
457 2404 545 2463 rubro
559 2387 730 2463 mars'arhna
741 2415 862 2463 conatus
876 2404 912 2461 sit
926 2403 1035 2462 inferre

125 2481 227 2541 Italiae.
270 2464 427 2559 ffquem
441 2502 532 2559 quum
558 2483 646 2560 legati
668 2485 813 2541 venissent
835 2471 969 2553 Romani,
1004 2482 1074 2541 uia

125 2561 160 2619 de
173 2562 240 2638 ejus
247 2562 395 2621 voluntate
404 2562 589 2638 explorarent
609 2562 766 2639 darentque
775 2581 892 2639 operam
907 2503 1035 2620 consiliis

125 2640 321 2714 clandestinis,
338 2651 369 2698 ut
391 2640 589 2700 Hannibalem
609 2639 640 2699 iu
653 2641 847 2719 suspicionem
861 2641 924 2718 regi
947 2641 1034 2700 addu-

125 2729 234 2790 cerent,
249 2729 398 2796 tamquam
419 2720 456 2778 ab
475 2721 546 2797 ipsis
559 2731 728 2797 corruptum
749 2721 816 2790 alia,
832 2731 918 2796 atque
940 2730 1035 2788 antea,

124 2799 250 2871 sentire;
284 2817 379 2875 neque
407 2798 436 2856 id
462 2799 570 2859 frustra
593 2797 739 2870 fecissent,
769 2799 857 2875 idque
885 2797 1034 2855 Hannibal

123 2878 320 2953 comperisset,
343 2897 433 2954 seque
457 2879 494 2936 ab
518 2879 705 2937 interioribus
732 2878 861 2936 consiliis
885 2875 1035 2952 segregari

124 2955 260 3014 vidisset:
274 2965 403 3033 tempore
414 2957 481 3016 dato
491 2957 562 3016 adiit
571 2957 607 3015 ad
621 2975 730 3034 regem,
740 2957 825 3032 eique
839 2972 932 3030 quum
942 2953 1035 3010 multa
1055 2957 1074 3010 8

124 3032 160 3091 de
183 3033 242 3092 fide
262 3053 317 3093 sua
340 3045 369 3093 et
393 3035 457 3094 odio
479 3037 510 3094 in
535 3035 683 3094 Romanas
703 3041 965 3102 commemorasset,
982 3031 1036 3090 hoc

123 3111 273 3189 adjunxit:
295 3111 396 3184 Pater,
421 3115 524 3190 inquit,
548 3134 635 3185 amas,
660 3111 819 3181 Hamilcar,
840 3111 960 3186 puerulo
983 3129 1034 3183 ata,

123 3199 212 3269 apra
225 3211 281 3251 aaa
293 3193 415 3267 amplias
438 3212 534 3252 nocem
547 3213 636 3252 aanor
648 3200 722 3262 acto,
743 3193 774 3248 ia
794 3187 965 3266 Hispaniam
985 3193 1034 3251 im·

120 3280 234 3346 perator
243 3272 425 3351 projiasccas
448 3272 626 3349 Carthagine,
641 3269 709 3330 Jaai
720 3273 819 3345 optimc
838 3273 956 3328 maxima
974 3271 1034 3330 hos-

123 3351 178 3407 tias
190 3352 352 3410 immolarit.
398 3349 467 3424 Qua
486 3353 584 3410 diaiaa
607 3370 654 3412 ras
668 3351 734 3408 dam
747 3348 949 3430 conficiebatur,
963 3369 1034 3429 qaa-
1055 3353 1073 3408 A

121 3431 188 3487 sicit
199 3449 218 3488 a
230 3449 284 3500 ma,
298 3431 431 3489 vellemne
444 3449 538 3489 secam
550 3433 581 3489 ia
595 3441 692 3489 castra
700 3429 869 3510 proficisci?
903 3427 940 3487 Id
953 3449 1036 3505 qaam

122 3506 238 3568 liberter
250 3511 428 3583 marpessam,
442 3518 524 3584 atquc
538 3509 574 3568 ab
586 3528 619 3569 eo
632 3517 727 3584 petere
742 3511 890 3582 cepissem,
904 3527 939 3566 ae
956 3507 1035 3564 dabi-
1107 3522 1108 3526 ’

121 3589 332 3659 maiman
353 3597 410 3646 tam
422 3585 608 3666 illafaciam,
623 3587 851 3667 imquit,cifidcm
864 3587 1036 3660 mihiquem

120 3666 375 3741 mammaeae.
420 3664 1036 3807 Siculuspdcrcmaddaettapadqaam
