2378 4036
142 162 183 223 24
381 157 436 220 IV.
473 163 505 234 4,
520 165 550 221 5.
594 159 811 238 (Paucorum.)

145 304 400 381 patebant,detali
409 304 1049 386 tamqueclaroriroanspicionibusoportare

143 383 278 460 judicari,
293 393 323 441 et
337 384 574 460 exspectandum,
587 383 655 442 dmn
668 403 702 443 se
715 385 781 461 ipsa
793 403 843 444 res
857 386 994 463 aperiret.

112 467 121 521 l
186 461 241 521 IV.
262 462 382 521 Interim
401 463 530 539 Argilius
554 462 679 538 quidam,
701 464 948 537 adolescentulus,
965 484 1050 542 qnam

101 608 104 612 ¹
147 541 300 617 epistolam
308 543 344 598 ab
355 560 390 599 eo
405 542 441 599 ad
452 542 625 599 Artabazum
636 542 810 620 accepisset,
821 543 906 617 eique
917 544 949 603 in
959 545 1051 623 auspi·

147 620 262 678 cionem
269 621 409 690 venisset,
420 620 528 696 aliquid
542 619 573 677 in
587 639 623 677 ee
637 620 673 678 de
687 640 721 678 se
732 640 801 679 esse
815 622 965 699 scriptum,
978 624 1051 700 quod

146 717 232 756 nemo
241 717 340 757 eorum
353 699 499 770 rediisset,
513 698 562 775 qui
576 718 664 774 super
681 699 732 757 tali
746 719 837 758 cansa
851 701 956 760 eodem
969 703 1051 762 misai

148 788 238 849 erant,
252 779 369 836 vincula
391 777 521 854 epistole
541 778 658 848 laxavit,
672 778 814 854 signoque
834 779 966 839 demoto
985 799 1052 859 cog·

107 856 235 928 2norit,
256 857 282 914 si
301 857 478 932 pertulisset,
500 856 557 915 sibi
579 875 647 914 esse
672 857 860 932 pereundum.
910 858 1004 918 Erant
1023 861 1051 919 in

148 935 251 994 eadem
265 935 398 1013 epistola,
412 955 474 1012 quae
489 936 525 992 ad
539 955 575 993 ea
588 936 778 1011 pertinebant,
788 955 850 1011 qne
864 937 1052 1016 interregem

148 1015 379 1091 Pausaniamque
401 1025 604 1073 convenerant.
646 1015 710 1072 Has
732 1015 783 1072 ille
803 1016 915 1073 litteras
936 1017 1052 1093 ephoris

109 1097 126 1150 3
147 1095 271 1152 tradidit.
327 1096 395 1153 Non
420 1104 466 1151 est
492 1093 690 1168 pretereunda
714 1095 841 1170 gravitas
867 1094 1052 1154 Lacedaemo·

147 1173 259 1231 niornm
277 1173 333 1231 hoc
352 1175 429 1231 loco.
470 1173 548 1230 Nam
567 1191 605 1230 ne
626 1171 712 1248 hujus
735 1173 852 1247 quidem
872 1173 983 1232 indicio
1002 1175 1068 1232 im·-

148 1252 225 1326 pnlsi
238 1264 313 1321 sunt,
324 1264 354 1309 ut
369 1252 543 1310 Pausaniam
558 1251 852 1326 comprehenderent,
867 1271 964 1327 neqne
974 1254 1052 1330 prius

150 1328 206 1386 vim
228 1331 421 1388 adhibendam
444 1341 622 1406 putaverunt,
635 1349 720 1405 quam
741 1349 775 1387 se
796 1331 860 1405 ipse
881 1330 1052 1390 indicasset.

109 1413 127 1464 4
149 1408 249 1484 ltaque
264 1408 332 1466 huic
347 1409 447 1479 indici,
461 1409 530 1483 quid
544 1409 607 1466 fieri
620 1409 739 1478 vellent,
753 1421 965 1484 praeceperunt
1000 1411 1053 1469 Fa·

147 1505 215 1544 num
242 1487 371 1562 Neptuni
400 1499 446 1546 est
473 1487 597 1557 Taenari,
620 1486 695 1561 quod
717 1487 820 1544 violari
843 1487 929 1545 nefas
955 1500 1054 1565 putant

150 1565 256 1624 Graeoi.
291 1567 337 1624 Εο
346 1567 396 1624 ille
410 1567 500 1624 index
513 1565 659 1642 confugit;
680 1565 711 1622 in
725 1584 775 1623 ara
788 1567 932 1624 consedit.
967 1567 1053 1626 Hanc

145 1645 227 1723 juxta
240 1647 337 1704 locum
350 1645 482 1704 secenmt
495 1646 548 1702 sub
562 1655 647 1715 terra,
662 1662 700 1702 ex
718 1662 776 1721 quo
796 1655 897 1720 posset
911 1646 1015 1718 audiri,
1028 1648 1054 1704 si

148 1726 213 1800 quis
240 1726 309 1802 quid
332 1727 496 1801 loqueretur
520 1743 586 1782 cum
609 1723 732 1799 Argilio.
773 1723 840 1781 Huc
869 1743 907 1781 ex
936 1725 1053 1800 ephoris

110 1809 127 1860 5
148 1805 264 1880 quidam
278 1806 500 1864 descenderunt.
542 1803 714 1872 Pausanias,
727 1812 759 1859 ut
778 1802 895 1873 audivit,
909 1803 1053 1879 Argilium

149 1885 316 1959 confugisse
330 1885 361 1941 in
382 1903 469 1953 aram,
482 1883 663 1958 perturbatus
677 1881 757 1938 venit
770 1899 816 1939 eo.
859 1881 956 1947 Quem
968 1902 1054 1957 quum

149 1963 312 2036 supplicem
334 1962 392 2018 Dei
406 1962 518 2018 videret
538 1961 568 2017 in
588 1979 639 2018 ara
658 1960 818 2030 sedentem,
833 1961 942 2035 quoerit,
957 1980 1054 2019 cause

148 2039 217 2113 quid
231 2040 269 2096 ait
282 2049 340 2095 tam
354 2039 504 2114 repentino
525 2039 657 2097 consilio.
699 2039 778 2096 Huic
800 2039 860 2108 ille,
874 2039 944 2115 qnid
958 2058 997 2098 ex
1008 2040 1053 2098 lit·

109 2121 127 2174 6
149 2115 219 2174 teris
240 2117 438 2193 comperisset,
453 2119 553 2193 aperit.
595 2118 685 2175 Modo
698 2117 792 2194 magis
813 2117 976 2177 Pausaniae
990 2137 1053 2196 per·

149 2198 276 2253 turbatus
297 2215 379 2254 orare
394 2198 490 2272 caepit,
504 2217 541 2255 ne
556 2197 727 2267 enuntiaret,
740 2216 797 2254 nec
812 2216 855 2266 se,
869 2197 1004 2255 meritum
1016 2197 1052 2255 de

150 2274 201 2332 illo
214 2275 332 2351 optime,
345 2276 489 2352 proderet.
531 2276 618 2342 Quod
636 2275 662 2333 si
677 2294 743 2334 eam
757 2275 871 2333 veniam
884 2275 942 2333 sibi
956 2276 1053 2335 dedis·
1124 2334 1146 2345 ,

149 2362 204 2424 set,
225 2354 367 2430 tantisque
390 2355 567 2431 implicatum
577 2356 673 2413 ,rebus
693 2354 886 2425 sublevasset,
897 2373 1005 2431 magno
1024 2353 1053 2413 oi

149 2434 265 2508 premio
278 2433 411 2492 futurum.

113 2516 123 2568 l
189 2512 227 2570 V.
259 2513 317 2570 His
339 2515 425 2571 rebus
447 2513 549 2589 ephori
573 2511 697 2589 cognitis
718 2511 809 2570 satius
829 2522 1011 2587 putaverunt,
1022 2512 1053 2571 in

149 2593 218 2649 urbe
234 2612 300 2650 eum
320 2592 536 2668 comprehendi.
578 2592 644 2657 Quo
658 2610 744 2666 quum
757 2600 859 2648 essent
878 2590 1011 2667 profecti,
1025 2600 1054 2648 et

151 2672 322 2743 Pausanias,
341 2668 456 2747 placa'to
476 2669 598 2747 Argilio,
621 2679 653 2728 ut
671 2670 797 2745 putabat,
811 2669 1053 2728 Lacedaemonem

149 2762 356 2810 reverteretur:
379 2751 410 2808 in
423 2751 536 2820 itinere,
550 2768 637 2826 quum
653 2750 714 2825 jam
734 2748 765 2805 in
779 2766 815 2806 eo
829 2757 919 2819 esset,
931 2759 964 2806 ut
977 2765 1053 2806 corn·

149 2832 386 2906 prehenderetur,
401 2849 440 2888 ex
451 2829 531 2886 vultu
552 2828 702 2904 cujusdam
721 2825 833 2902 ephori,
846 2825 897 2903 qui
917 2845 985 2884 enm
1005 2826 1053 2884 ad·

110 2914 128 2966 2
149 2930 266 2970 monere
289 2911 432 2987 cupiebat,
452 2907 575 2966 insidias
597 2906 653 2964 sihi
671 2904 735 2963 fieri
756 2905 910 2963 intellexit.
951 2905 1052 2981 Itaque

149 2991 250 3062 paucis
270 3002 339 3048 ante
359 2989 504 3065 gradibus,
520 3004 606 3062 quem
624 2985 674 3061 qni
694 2985 896 3060 sequebantur,
910 2983 942 3040 in
962 2984 1053 3042 aedern

150 3066 300 3138 Minervae,
320 3088 385 3143 qnae
402 3068 558 3146 χαλκίοικος
583 3074 710 3133 vocatur,
735 3061 872 3138 confugit.
915 3062 995 3120 Hinc
1015 3080 1053 3120 ne

151 3144 231 3200 exire
251 3157 361 3219 posset,
375 3147 470 3203 statim
490 3144 592 3221 ephori
605 3143 704 3200 valvas
727 3143 790 3218 ejus
808 3140 880 3198 aedis
904 3141 1054 3198 obstruxe-

150 3232 223 3292 runt,
245 3233 408 3295 tectumque
433 3233 499 3280 sunt
522 3222 661 3292 demoliti,
684 3239 741 3298 quo
764 3219 881 3291 facilius
905 3221 960 3277 snb
987 3218 1054 3277 divo

113 3307 129 3360 3
151 3301 290 3360 interiret.
312 3300 434 3370 Dicitur,
448 3319 484 3357 eo
497 3311 625 3376 tempore
636 3310 757 3357 matrem
767 3299 922 3356 Pausaniae
931 3297 1056 3368 vixisse,

152 3399 272 3457 eamque
283 3380 345 3456 jam
357 3397 462 3454 magno
475 3388 553 3446 natu,
566 3389 718 3453 postquam
731 3377 768 3434 de
782 3377 897 3434 scelere
911 3376 966 3434 filii
976 3393 1056 3435 com·

150 3460 234 3540 perit,
248 3459 279 3516 in
299 3457 399 3533 primis
423 3456 460 3513 ad
481 3455 571 3512 filium
595 3455 788 3513 claudendum
806 3454 935 3530 lapidem
955 3454 992 3512 ad
1011 3454 1054 3513 in·

113 3548 128 3599 4
151 3545 264 3598 troitum
287 3536 358 3594 aedis
380 3534 521 3592 attulisse.
564 3533 615 3590 Sic
641 3533 801 3590 Pausanias
827 3552 962 3608 magnam
984 3532 1056 3592 belli
