2378 4036
181 237 225 295 ὅθ
394 233 500 301 XXII.
544 242 573 310 3,
589 241 618 298 4.
665 233 869 316 (Hamilcar.)

63 386 143 415 e-
178 396 245 445 sunt
260 386 342 444 Poeni
357 387 508 463 perterriti,
524 397 556 445 ut
570 387 656 445 etiam
671 387 809 445 auxiliaa
824 385 961 444 Romanis
975 386 1081 479 petire·

46 485 134 523 ,κ
179 465 245 535 rint,
259 484 351 541 eaque
367 465 574 543 inpetis-rim·-
595 465 651 521 Sed
667 475 803 532 extremo,
818 483 908 540 quum
923 485 1008 542 prope
1019 485 1081 543 pam

178 542 215 600 ad
231 544 458 619 desperationem
481 545 684 621 pervenissent,
706 543 906 601 Hamilcarem
930 546 1081 621 imperato·

139 624 158 677 4
179 641 239 679 rem
256 621 395 679 fecerunt.
432 621 460 679 Is
480 641 536 679 non
547 622 641 680 solum
655 622 749 679 hostes
763 640 780 677 a
795 623 885 679 muris
898 622 1082 699 Carthaginis

178 701 307 769 removit,
329 719 419 774 quum
441 699 565 776 amplius
585 713 701 758 centum
716 699 807 756 millia
830 699 907 757 sacta
921 712 1016 758 essent
1036 719 1081 757 ar·

177 789 337 850 matorum3
361 779 409 835 sed
431 779 726 865 efiameocompnffl,
742 778 927 853 qtlocorum
942 781 1081 856 angustiis
1109 826 1115 849 ,
1147 781 1179 836 Ἶ.

177 858 280 926 clausi,
301 857 398 932 plures
413 855 499 926 fame,
514 876 601 932 quam
615 856 693 914 ferro
706 857 865 913 interirent.
909 857 1015 914 Omnia
1034 854 1129 933 opst*

178 935 244 1012 pida
262 936 435 1005 abalienata,
451 937 480 991 in
496 936 540 992 his
561 935 676 1005 Uticam
691 918 967 1010 atqffHipponem,
982 936 1086 992 valen-¹

140 1013 287 1072 5tissima
310 1015 396 1072 totius
411 1013 532 1083 Africa,
548 1013 670 1070 restituit
691 1013 799 1087 patriae.
842 1013 948 1088 Neque
968 1033 1002 1070 eo
1027 1013 1080 1070 fuit

177 1102 336 1162 contentus,
351 1093 402 1150 sed
422 1093 508 1150 etiam
523 1092 596 1148 fines
609 1092 723 1166 imperii
737 1091 913 1166 propagavit,
928 1101 986 1149 tota
1001 1091 1076 1148 Afri.

177 1190 214 1230 ca
227 1180 339 1228 tantum
352 1172 442 1228 otium
459 1170 589 1240 reddidit,
605 1180 636 1226 ut
657 1169 771 1226 nullum
784 1170 816 1232 in
830 1188 866 1226 ea
880 1169 989 1226 bellum
1004 1169 1078 1228 vide·

44 1182 139 1312 *llN
178 1242 369 1308 returWtis
384 1251 466 1306 annis
481 1247 580 1306 fuisse.
603 1232 658 1263 ⁸
831 1263 833 1267 ’
1006 1238 1061 1260 ²*

140 1327 155 1382 l
172 1319 268 1386 ἾΠ.
291 1328 390 1385 Rebus
409 1329 453 1386 his
467 1346 503 1385 ex
515 1327 657 1384 sententia
671 1325 804 1402 peractis,
816 1325 915 1383 fidenti
930 1327 1026 1384 animo
1040 1336 1079 1384 at·

177 1425 234 1482 qne
248 1405 350 1463 infesto
364 1405 580 1480 Romanisque
595 1403 709 1462 facilius
723 1423 843 1461 causam
859 1404 985 1461 bellandi
1000 1424 1079 1481 repe·

178 1485 256 1554 riret,
278 1483 382 1554 effecit,
398 1495 430 1541 ut
444 1486 598 1560 imperator
617 1502 685 1541 oum
705 1483 836 1540 exercitu
857 1484 887 1539 in
908 1482 1079 1559 Hispaniam

177 1563 346 1633 mitteretur,
361 1581 452 1638 eoque
466 1581 566 1620 seeum
590 1561 672 1619 duxit
695 1561 788 1618 filium
811 1559 1015 1631 Hannibalem,
1031 1581 1079 1618 an-

138 1641 157 1695 2
176 1659 279 1698 norum
293 1660 406 1699 novem.
449 1640 522 1698 Erat
536 1651 674 1716 praeterea
688 1658 757 1698 cum
771 1658 805 1696 eo
820 1639 986 1696 adolescens
1000 1640 1079 1697 illus-

176 1720 237 1790 tris,
253 1719 402 1790 formosus,
421 1718 597 1788 Hasdrubal,
611 1737 698 1794 quem
715 1717 846 1774 nonnulli
860 1717 941 1794 diligi
957 1719 1079 1793 turpius,

175 1817 264 1874 quam
278 1808 415 1874 parerat,
430 1799 466 1856 ab
487 1797 666 1855 Hamilcare·
678 1796 880 1872 loquebantur.
920 1795 989 1853 Non
1003 1797 1080 1854 enim

175 1877 311 1942 maledici
333 1887 410 1935 tante
424 1877 486 1934 viro
500 1875 600 1933 deesse
624 1884 763 1950 poterant.
805 1873 882 1963 Q
896 1872 1006 1932 sactum
1026 1885 1079 1944 est,
1158 1906 1179 1961 q

176 1963 208 2012 ut
222 1975 240 2013 a
253 1955 389 2031 praefecto
403 1973 516 2013 morum
531 1953 697 2011 Hasdrubal
712 1971 779 2010 cum
794 1971 829 2010 eo
843 1962 990 2044 νων
1004 1973 1077 2010 esse.
1102 1945 1155 2044 -l-
1177 2009 1179 2013 .

175 2032 256 2092 Huic
267 2034 317 2091 ille
331 2035 421 2093 liliam
432 2052 515 2091 suam
530 2033 560 2088 in
576 2032 790 2089 matrimonium
804 2031 890 2100 dedit,
905 2031 981 2107 quod
996 2032 1079 2089 rneri-

137 2112 155 2165 3
176 2111 230 2168 bus
244 2129 344 2168 eorum
358 2129 415 2168 non
429 2119 540 2186 poterat
560 2110 693 2167 interdici
707 2128 808 2167 socero
820 2128 922 2186 gener.
966 2107 1011 2166 De
1026 2110 1080 2167 hoc

175 2188 239 2245 ideo
252 2190 425 2246 mentionem
448 2188 580 2258 lecimus,
595 2188 680 2264 quod,
695 2187 865 2245 Hamilcare
886 2188 1007 2256 occisso,
1030 2188 1080 2244 ille

175 2267 318 2324 exercitui
341 2265 464 2343 praefuit,
490 2284 594 2342 resque
616 2285 737 2344 magnas
759 2266 868 2344 gessit3
894 2275 923 2323 et
947 2266 1080 2342 princeps

175 2343 327 2420 largitione
351 2354 488 2402 vetustos.
500 2346 636 2421 pervertit
660 2363 754 2402 mores
774 2343 1058 2420 Carthaginiensium
1069 2363 1078 2416 3

174 2421 361 2513 ejusdemque
376 2433 438 2500 post
462 2433 582 2482 mertem
603 2423 750 2481 Hannibal
772 2423 809 2479 ab
823 2423 953 2480 exercitu
969 2424 1081 2499 accepit

175 2518 214 2556 im
252 2519 339 2558 rrum.

137 2581 153 2636 1
214 2519 267 2638 ill.
290 2580 332 2639 At
355 2579 516 2650 Hamilcar,
531 2589 718 2656 posteaquam
739 2598 818 2637 mare
837 2579 951 2637 transiit
968 2580 997 2636 in
1013 2579 1079 2637 His·

175 2657 349 2734 patriamque
373 2659 461 2727 venit,
477 2676 598 2734 magnas
622 2678 669 2717 res
692 2658 822 2716 secunda
842 2658 931 2735 gessit
946 2656 1079 2715 fortuna:

175 2736 318 2794 maximas
338 2736 628 2812 bellicosissimasque
652 2746 753 2814 gentes
775 2737 905 2813 subegit:
927 2737 1019 2812 equis,
1035 2755 1079 2793 ar-

136 2815 240 2886 2mis,
264 2815 343 2884 viris,
369 2816 494 2891 pecunia
515 2824 602 2872 totam
626 2814 813 2891 locupletavit
833 2813 978 2872 Africam.
1021 2813 1081 2872 Hic

175 2912 267 2970 quum
280 2895 311 2952 in
325 2893 440 2952 Italiam
460 2893 570 2950 bellum
583 2892 691 2950 inferre
705 2892 902 2962 meditaretur,
917 2910 992 2951 none
1005 2911 1080 2950 anno

176 2983 246 3050 post,
261 2992 349 3049 quam
374 2973 403 3031 in
428 2971 599 3048 Hispaniam
613 2982 741 3042 venerat,
767 2972 797 3028 in
822 2971 924 3048 proelio
947 2990 1080 3048 pugnans

136 3054 155 3108 8
176 3052 316 3110 adversus
330 3052 468 3118 Vettones
481 3051 596 3108 occisus
608 3059 661 3108 est.
684 3049 783 3126 Hujus
796 3048 1080 3126 perpetuumcdium

176 3149 247 3205 erga
274 3131 420 3189 Romanos
447 3130 573 3188 maxime
597 3129 756 3187 concitasse
781 3129 894 3186 videtur
917 3128 1080 3185 secundum

176 3207 285 3264 bellum
299 3208 462 3269 Poenicum.
503 3209 640 3285 Namque
655 3207 812 3276 Hannibal,
827 3207 906 3264 filius
920 3206 993 3283 ejus,
1009 3206 1080 3264 assi·

175 3283 241 3341 duis
255 3287 343 3359 patris
357 3287 590 3345 obtestationibus
597 3297 700 3364 ,ao-“est
717 3286 883 3363 perductus,
899 3296 930 3344 ut
951 3285 1080 3355 interire.
1145 3323 1172 3367 t.

174 3380 264 3440 quam
278 3361 423 3423 Romanos
437 3384 492 3422 non
507 3366 633 3443 experiri
642 3365 756 3456 mallet.
898 3361 956 3378 ⁹
1101 3341 1134 3434 f
1163 3383 1169 3405 ¹
