2378 4036
194 222 239 284 60
441 216 533 281 XIII.
563 225 590 282 l.
633 219 854 297 (Timotheus.)

194 366 295 440 Itaque
324 363 475 434 Chabrias,
499 364 592 439 quoad
616 364 645 421 ei
667 365 784 434 licebat,
807 365 959 440 plurimum
985 366 1085 422 aberat

159 444 299 518 tNeque
325 461 396 500 vero
422 443 503 500 solus
529 442 580 500 ille
608 444 706 500 aberat
732 441 855 500 Athenis
882 442 1014 512 libenter,
1042 442 1093 500 sed

194 541 296 583 omncs
320 521 381 578 fere
404 520 553 596 principes
577 520 709 579 facerunt
729 520 824 590 idem;
845 520 920 595 quod
940 532 1048 578 tantum
1062 540 1094 577 se

196 601 231 659 ab
252 599 363 658 invidia
388 600 524 675 putabant
550 599 704 669 absumtos,
731 609 865 674 qnantum
893 619 911 655 a
938 609 1095 674 conspectu

196 698 312 738 suorum
333 677 537 736 recessissent.
586 679 686 753 Itaque
708 678 810 735 Conon
829 678 980 752 plurimum
1006 678 1096 752 Cypri

196 756 276 827 vixit,
300 755 461 832 Iphicrates
481 755 512 813 in
526 755 662 826 Thracia,
677 755 848 814 Timotheus
869 756 968 825 Lesbi,
984 755 1096 814 Chares

196 836 227 894 in
242 835 340 912 Sigeo.
382 833 544 893 Dissimilis
557 834 673 910 quidem
688 834 800 893 Chares
814 833 916 891 horum
930 845 959 890 et
969 834 1053 891 factis
1069 844 1096 891 et

196 914 341 983 moribus;
362 913 416 970 sed
429 923 525 971 tamen
539 913 662 972 Athenis
677 924 706 971 et
719 912 873 970 honoratus
889 924 917 969 et
931 923 1043 988 potens.

161 998 174 1052 l
236 992 290 1050 IV.
333 990 473 1065 Chabrias
495 1004 591 1050 autem
613 991 700 1069 periit
722 991 800 1049 bello
814 991 917 1048 sociali
931 992 982 1048 tali
1002 990 1096 1048 modo.

198 1071 409 1146 oppugnabant
422 1069 619 1129 Athenienses
635 1071 749 1129 Chium.
781 1071 852 1128 Erat
865 1070 895 1126 in
910 1071 1006 1126 classe
1022 1068 1098 1127 Cha·

197 1150 275 1208 brias
288 1148 426 1224 privatus,
440 1149 493 1206 sed
513 1169 622 1220 omnes,
636 1150 684 1224 qui
698 1150 729 1206 in
741 1148 908 1224 magistratu
922 1158 1011 1217 erant,
1032 1166 1098 1204 auc·

198 1229 310 1286 toritate
325 1227 459 1298 anteibat,
481 1247 601 1304 eumque
621 1227 715 1304 magis
729 1228 846 1297 milites,
860 1247 944 1302 quarn
958 1227 1007 1301 qui
1027 1245 1098 1301 prae·

159 1310 290 1376 2erant,
313 1305 521 1382 adspiciebant.
573 1307 647 1374 Quae
669 1325 718 1364 res
740 1307 769 1364 ei
795 1305 946 1363 maturavit
968 1315 1097 1362 mortem.

199 1384 277 1443 Nam
290 1384 358 1442 dum
377 1385 484 1460 primus
499 1385 594 1444 studet
613 1396 723 1462 portum
740 1386 855 1455 intrare,
870 1386 1098 1460 gubemetorem·

198 1481 254 1538 qne
275 1464 356 1540 jubet
380 1481 416 1520 eo
429 1463 553 1539 dirigere
567 1483 681 1534 navem,
706 1464 770 1540 ipse
793 1465 849 1521 sibi
871 1462 1013 1540 perniciei
1037 1461 1098 1518 suit.

200 1541 297 1608 Quum
320 1540 398 1598 enirn
422 1561 457 1599 eo
481 1553 671 1617 penetrasset,
698 1556 802 1600 cetera
821 1560 880 1600 non
894 1552 960 1598 sunt
981 1551 1098 1598 secuta.

200 1620 267 1686 Quo
281 1619 357 1677 facto
366 1619 557 1679 circumfusus
565 1620 691 1679 hostium
699 1639 842 1678 concursu
850 1639 936 1695 quum
944 1618 1098 1677 fortissime

161 1701 179 1756 3
200 1709 348 1774 pugnaret,
368 1699 461 1768 navis,
480 1711 572 1757 rostro
596 1718 745 1776 percussa,
760 1699 848 1776 coepit
871 1699 978 1756 sidere.
1020 1697 1098 1754 Hinc

198 1777 331 1853 refugere
353 1795 440 1851 quum
462 1788 571 1853 posset,
592 1778 618 1836 si
640 1799 673 1836 se
698 1779 729 1837 in
741 1797 820 1836 mare
834 1778 1001 1854 dejecisset,
1026 1775 1100 1850 quod

199 1856 315 1913 suberat
335 1856 440 1914 classis
461 1857 692 1928 Atheniensium,
706 1876 769 1932 quae
789 1856 938 1932 exciperet
950 1865 1099 1922 natantes;

198 1935 294 2021 perire
314 1934 423 2004 maluit,
444 1954 528 2009 quam
552 1936 638 1993 armis
662 1936 783 2011 abjectis
804 1953 908 1991 navem
928 1933 1100 2007 relinquere,

199 2029 231 2069 m
251 2031 307 2086 qua
320 2011 413 2068 suerat
432 2024 543 2070 vectus.
583 2013 618 2070 Id
639 2014 730 2070 ceteri
754 2013 850 2070 facere
872 2011 1034 2080 noluerunt,
1052 2009 1099 2085 qui

220 2113 258 2154 aas
317 2089 413 2146 nando
426 2089 457 2146 in
477 2100 567 2147 tutum
588 2101 789 2166 pervenerunt.
830 2091 869 2147 At
891 2090 951 2159 ille,
964 2098 1099 2164 praestare

201 2162 293 2203 ΗΜ·
318 2166 469 2224 honestam
494 2179 615 2226 mortem
638 2169 806 2227 existimans
830 2169 905 2244 turpi
927 2168 1000 2238 vite,
1025 2184 1100 2225 com·

198 2241 294 2302 minuo
306 2261 438 2320 pugnans
451 2245 519 2303 telis
532 2245 659 2305 hostium
671 2247 839 2306 interiectus
854 2259 899 2305 est

323 2599 477 2676 x111.
531 2600 965 2696 simonianos.

479 2925 803 2986 ARGUMENTUM.

201 3054 298 3114 OAP.
314 3056 341 3115 I.
363 3057 441 3133 Ejus
452 3059 570 3115 virtutes
583 3068 610 3115 et
620 3056 705 3135 facta
716 3058 821 3115 bellico.
862 3057 907 3114 ΙΙ.
929 3056 949 3114 Ι
964 3059 1000 3126 si,
1014 3055 1102 3114 Laee-

238 3134 429 3193 demoniorum
448 3138 554 3207 victori,
568 3148 664 3195 statua
681 3139 807 3213 ponitur.
847 3135 910 3193 III.
960 3155 1028 3192 enea
1043 3134 1102 3192 Me·

238 3214 348 3270 nestbeo
356 3217 472 3290 pretori
481 3217 511 3272 in
525 3216 669 3274 comediam
681 3216 775 3272 datar.
795 3216 824 3272 A
839 3214 966 3284 Charete,
975 3224 1102 3292 pretore,

239 3301 388 3346 accusatus
411 3293 568 3351 domantur.
609 3293 666 3352 IV.
688 3291 783 3351 filios
803 3293 864 3368 ejus
889 3292 985 3350 Conon
1008 3309 1102 3348 maroe

237 3367 346 3457 reficere
357 3371 472 3444 cogitur.
510 3371 675 3448 Singularis
687 3374 814 3430 amicitie
825 3373 1009 3428 testimomum
1019 3369 1102 3426 Jcso·

238 3464 285 3503 ees
297 3464 364 3522 ergo
383 3445 562 3505 Timotheum.
603 3510 606 3516 .

155 3576 173 3643 1
235 3575 263 3634 1.
304 3573 485 3644 Timotheus,
507 3576 636 3635 Cononis
657 3578 744 3648 filine,
765 3578 963 3638 Atheniensis.
1005 3575 1102 3653 Hice
