2378 4036
362 240 483 306 XVIII.
529 252 558 307 5.
605 241 799 328 (Eumenes.)
990 253 1033 311 'lb

129 389 200 454 fecto
213 392 290 452 duce
303 393 432 466 Cratero,
445 396 545 454 multis
558 406 699 473 praeterea
708 407 738 454 et
752 397 877 455 maxime
891 397 1036 461 nobilibus

127 473 225 550 captis,
234 472 368 549 pedester
380 475 536 544 exereitus,
545 475 622 552 quod
636 476 667 532 in
669 495 722 559 aa
724 475 792 548 loca
806 475 1033 548 eratdeductns,

127 561 156 610 ut
167 552 260 610 invito
273 551 408 610 Eumene
422 553 499 611 elabi
522 573 579 611 non
601 563 703 631 posset,
718 573 821 630 pacem
836 554 872 611 ab
886 574 921 613 eo
941 557 1071 632 petiit-
1087 586 1102 595 ··

126 629 222 697 Quam
236 649 327 707 quum
338 632 529 706 impetrasset,
541 633 572 689 in
585 616 713 691 fide‘ffon
727 634 841 703 mansit,
853 643 882 690 et
895 653 936 704 ee,
945 634 1032 693 simul

125 727 157 767 ac
171 709 273 786 potuit,
289 708 324 767 ad
340 709 528 785 Antipatrum
543 712 661 789 recepit.
702 711 851 770 Eumenes
867 711 1031 783 Craterum,
1053 717 1070 772 t

125 807 159 846 ex
172 789 238 847 acie
251 788 426 846 semivivum
440 789 559 860 elatum,
575 809 708 848 recreare
727 789 845 848 studuit.
888 791 990 856 Quum
1003 791 1032 849 id

123 884 179 924 non
193 876 297 942 posset,
313 885 364 942 pro
377 867 502 925 hominis
512 868 659 945 dignitate,
674 887 784 945 proque
798 870 918 945 pristina
933 871 1031 928 amici·

124 945 162 1002 tia
177 946 318 1023 (namque
331 945 383 1003 illo
397 964 468 1003 usus
482 947 731 1017 erat,Alexandro
745 947 820 1016 vivo,
836 946 1031 1025 familiariter)

123 1024 218 1160 amplo
233 1022 335 1083 funere
350 1025 462 1095 extulit,
476 1044 599 1102 ossaque
614 1027 644 1084 in
659 1025 861 1084 Macedoniam
877 1028 959 1084 uxori
968 1027 1032 1104 ejus

123 1120 157 1160 ac
185 1102 272 1161 'beris
286 1103 407 1161 remisit.

160 1180 201 1238 V.
224 1180 299 1239 Haeo
309 1181 379 1238 dum
392 1181 468 1256 apud
483 1182 703 1260 Hellespontum
714 1193 864 1259 geruntur,
875 1182 1032 1243 Perdiccas
1054 1187 1067 1242 l

123 1259 198 1336 apud
212 1260 321 1317 flumen
335 1259 440 1318 Nilum
454 1261 628 1319 interficitur
643 1280 660 1318 a
675 1261 800 1320 Seleuco
814 1272 843 1319 et
863 1261 1028 1338 Antigcn03

123 1355 279 1414 rerumque
301 1357 416 1396 summa
439 1339 474 1396 ad
501 1340 688 1416 Antipatrum
709 1339 848 1399 defertur.
890 1340 958 1410 Hic,
980 1342 1031 1418 qui

121 1415 319 1486 deseruerant,
333 1418 466 1475 exercitu
486 1418 659 1496 suffragium
680 1416 798 1488 ferente,
814 1420 916 1496 capitis
931 1419 1029 1479 absen-

121 1503 163 1553 tes
176 1495 369 1552 damnantur:
390 1497 422 1553 in
446 1497 492 1555 his
516 1497 676 1555 Eumenes.
718 1497 784 1556 Hae
805 1498 855 1556 ille
877 1498 1030 1574 perculsus

122 1573 207 1652 plaga
220 1590 279 1632 non
300 1574 466 1645 succubuit,
480 1595 576 1652 neque
593 1595 627 1634 eo
641 1577 738 1633 secius
762 1576 871 1634 bellum
895 1575 1028 1635 adminis-

121 1653 218 1710 travit.
261 1651 320 1710 Sed
344 1653 436 1711 exiles
460 1673 507 1712 res
521 1656 611 1711 animi
635 1652 874 1730 magnitudinem,
895 1655 949 1712 etsi
973 1673 1028 1712 non

121 1728 302 1808 frangebant,
317 1740 415 1789 tamen
436 1733 615 1791 minuebant.
658 1731 748 1790 Hunc
771 1750 946 1808 persequens
968 1733 1068 1790 ΑΜ

120 1809 244 1887 tigonns,
259 1827 351 1885 quum
370 1811 449 1866 omni
469 1829 577 1887 genere
600 1811 749 1886 copiarum
772 1809 939 1878 abundaret,
954 1829 1030 1886 saepe

120 1887 150 1944 in
177 1887 330 1946 itineribus
354 1889 532 1946 vexabatur:
561 1907 656 1964 neque
686 1907 824 1965 umquam
849 1888 887 1945 ad
911 1907 1030 1946 manum

121 1965 261 2024 accedere
275 1966 391 2036 licebat,
406 1967 462 2024 nisi
483 1968 528 2024 his
542 1967 622 2037 locis,
637 1967 743 2042 quibus
757 1967 843 2043 pauci
858 1966 957 2024 multis
968 1986 1029 2042 pos-

121 2054 184 2102 sent
202 2046 347 2102 resistere.
404 2044 461 2102 Sed
484 2057 614 2104 extremo
635 2056 772 2122 tempore,
795 2064 886 2122 quum
911 2045 1069 2104 consiliati

121 2123 186 2200 capi
211 2141 269 2181 non
290 2133 393 2199 posset,
410 2124 594 2182 multitudine
615 2125 833 2182 circumventus
853 2134 906 2183 est.
950 2124 1029 2183 Hinc

121 2211 227 2272 tamen,
242 2203 341 2260 multis
355 2203 416 2259 suis
431 2204 553 2273 amissis,
568 2224 599 2261 se
618 2203 772 2280 expedivit,
790 2212 819 2261 et
832 2205 862 2260 in
876 2204 1028 2262 castellum

122 2279 267 2358 Phrygiae,
282 2280 358 2356 quod
372 2280 455 2338 Nora
469 2282 640 2358 appellatur,
657 2281 796 2358 confugit.
819 2281 924 2359 Inque
938 2301 1028 2358 quum
1049 2285 1068 2339 4

121 2359 394 2428 circumsederetur,
423 2371 453 2417 et
480 2372 639 2430 vereretur,
665 2379 702 2418 ne
730 2380 788 2418 uno
818 2361 881 2420 loco
908 2380 1029 2419 manens

121 2456 210 2512 equos
224 2438 366 2496 militares
381 2437 611 2515 perderet,quod
625 2439 748 2516 spatium
764 2458 820 2497 non
835 2450 910 2498 esset
919 2441 1028 2516 agitan-

121 2515 168 2573 di:
190 2515 332 2573 callidum
346 2515 401 2574 fuit
423 2517 488 2591 ejus
512 2518 671 2587 inventum,
686 2517 927 2593 quemadmodum
949 2529 1029 2576 stans

120 2593 284 2672 jumentum
298 2595 482 2652 concalefieri
503 2596 691 2672 exercerique
706 2605 808 2671 posset,
822 2615 880 2672 quo
893 2596 1029 2655 libentius

121 2681 150 2729 et
174 2672 240 2730 cibo
254 2681 392 2743 uteretur,
407 2683 437 2731 et
461 2691 480 2730 a
500 2677 628 2750 corporis
643 2684 721 2731 motu
742 2692 798 2731 non
820 2686 1026 2733 removeretur.

121 2749 343 2827 Substringebat
357 2762 445 2828 caput
459 2752 520 2809 loro
540 2753 628 2810 altius
641 2771 730 2828 quam
748 2762 779 2810 ut
793 2753 937 2828 prioribus
951 2752 1027 2829 pedi·
1049 2755 1068 2808 ὃ

122 2829 176 2886 bns
190 2828 276 2904 plane
290 2839 399 2887 terram
414 2839 507 2906 posset
521 2831 679 2908 attingere;
702 2830 805 2888 deinde
826 2841 888 2906 post
902 2831 1027 2887 verberi-

122 2907 177 2963 bus
190 2907 310 2984 cogebat
323 2908 480 2978 exsultare,
495 2917 523 2966 et
544 2909 641 2966 calces
662 2910 817 2968 remittere.
860 2909 922 2974 Qui
936 2918 1029 2965 motus

120 3003 177 3042 non
192 2985 287 3044 minus
300 2987 435 3045 sudorem
449 2987 622 3058 excutiebat,
637 3006 725 3063 quam
739 2987 808 3044 siin
823 2987 914 3061 spatio
927 2985 1028 3042 decur-

121 3074 208 3122 reret.
229 3063 297 3130 Quo
311 3072 420 3125 tactum
430 3074 482 3134 est,
491 3065 568 3141 qnod
580 3065 713 3122 omnibus
725 3063 856 3121 mirabile
868 3075 911 3121 est
921 3065 1026 3135 visum,
1049 3067 1067 3121 6

122 3150 153 3198 nt
177 3161 261 3218 mque
285 3143 418 3219 jumenta
442 3143 532 3200 nitida
554 3162 591 3200 ex
615 3143 735 3200 castello
763 3141 908 3212 educeret,
937 3162 1028 3219 quum

121 3220 286 3296 complures
300 3241 414 3280 menses
427 3223 458 3278 in
477 3221 623 3279 obsidione
638 3219 748 3289 fuisset,
764 3239 799 3277 ac
814 3221 838 3278 si
855 3221 885 3278 iu
899 3240 1028 3299 campes-

120 3298 214 3356 tribus
226 3318 263 3356 ea
277 3299 349 3357 locis
370 3301 528 3358 habuisset.
570 3298 603 3358 In
626 3299 681 3356 hac
695 3297 890 3371 conclusione,
904 3303 1027 3378 quoties·
1049 3304 1066 3357 7

120 3395 248 3452 cumque
263 3377 364 3448 voluit,
379 3388 550 3454 apparatum
564 3388 592 3435 et
613 3377 786 3435 munitiones
801 3378 940 3456 Antigoni
955 3381 1029 3438 alias

121 3453 259 3525 incendit,
282 3456 356 3514 alias
378 3456 501 3532 disjecit.
557 3456 667 3514 Tenuit
691 3465 787 3514 autem
812 3477 842 3514 se
871 3477 929 3516 uno
956 3458 1028 3525 loco,
1087 3514 1088 3517 ,

120 3533 259 3610 quamdin
286 3532 340 3592 fuit
363 3533 465 3593 biems.
508 3533 594 3600 Quod
618 3547 748 3592 castrum
770 3535 900 3593 subsidia
922 3535 1029 3592 habere

121 3629 179 3671 non
202 3621 322 3689 poterat,
337 3622 367 3672 et
380 3630 433 3673 ver
446 3611 704 3695 appropinquabat,
719 3613 856 3670 simulata
877 3611 1029 3680 deditione,
