2378 4036
154 223 197 283 'u
366 214 490 281 xvlll,
532 223 562 290 3,
576 224 607 279 4.
654 213 849 297 (Erannos.)

153 368 328 448 persuadere
342 367 470 427 Eumeni
483 367 602 438 studuit,
618 377 650 424 ut
671 366 840 424 Perdiccam
854 367 1009 437 desereret,
1024 387 1061 428 ao

114 449 133 504 5
153 467 254 506 secum
269 445 378 506 faceret
397 448 573 506 societatem.
616 445 717 512 Quum
740 444 900 521 perducere
915 466 984 505 eum
1004 465 1061 505 non

153 536 255 603 posset,
270 525 433 583 interficere
448 535 569 584 conatus
581 534 643 597 est3
665 534 694 582 et
709 523 834 594 fecisset,
848 525 904 582 nisi
918 525 968 583 ille
984 526 1061 584 clam

152 615 240 682 noctu
254 624 291 662 ex
305 604 445 680 praesidiis
459 604 523 681 ejus
536 603 693 680 effugisset.
818 677 821 682 Ι

115 687 130 742 l
192 682 244 742 Ill.
267 682 387 742 Interim
401 685 526 741 conflata
540 693 607 741 sunt
627 683 678 740 illa
700 682 784 750 bella,
799 700 865 757 quae
879 682 915 740 ad
936 683 1061 742 interna·

153 762 265 821 cionem
289 771 351 838 post
375 761 534 818 Alexandri
558 772 679 819 mortem
699 772 781 836 gesta
805 771 881 830 sunt,
902 780 1061 838 omnesque

153 849 363 899 concurrerunt
384 839 420 898 ad
443 838 613 898 Perdiccam
627 837 855 917 opprimendum.
896 839 994 905 Quem
1008 842 1061 898 etsi

153 919 301 977 infirmum
315 918 439 988 videbat,
454 918 529 995 quod
545 937 621 976 unus
634 918 768 976 omnibus
789 918 923 975 resistere
939 910 1078 995 cogeba-¹

153 1007 209 1068 tur,
232 1007 329 1055 tamen
350 999 478 1056 amicum
497 1016 554 1054 non
576 997 711 1066 deseruit,
726 1014 820 1071 neque
844 995 956 1066 salutis,
971 1016 1060 1073 quam

118 1080 133 1132 ὲ
153 1075 230 1146 fidei,
246 1075 300 1134 fuit
314 1075 455 1155 cupidior.
498 1075 674 1134 Praefecerat
688 1094 755 1132 eum
771 1073 925 1132 Perdiccas
938 1077 966 1132 ei
987 1077 1061 1152 parti

154 1155 244 1226 Asia,
259 1174 325 1232 quae
348 1157 425 1213 inter
449 1154 584 1213 Taurum
598 1164 725 1212 montem
744 1153 824 1228 jacet
845 1163 931 1229 atque
947 1153 1060 1212 Helles-

154 1244 283 1310 pontum,
296 1244 325 1292 et
347 1235 431 1292 illum
452 1252 544 1291 unum
557 1242 729 1310 opposuerat
752 1232 904 1308 Europaeis
926 1232 1059 1291 adversa-

154 1313 205 1370 riis
213 1332 223 1386 ;
246 1313 307 1390 ipse
322 1313 483 1390 AEgyptum
497 1322 693 1390 oppugnatum
709 1311 850 1368 adversus
874 1310 1061 1369 Ptolemaeum

115 1394 133 1446 3
154 1401 217 1449 erat
238 1389 393 1467 profectus.
437 1390 586 1449 Eumenes
600 1409 691 1467 quum
705 1408 800 1465 neque
817 1408 940 1465 magnas
953 1391 1060 1467 copias,

65 1501 72 1515 ·
153 1488 248 1546 neque
262 1470 361 1529 firmas
375 1469 503 1539 haberet,
514 1469 590 1546 quod
602 1481 630 1527 et
640 1469 845 1538 inexercitata,
861 1477 889 1526 et
900 1487 956 1525 non
971 1470 1062 1528 multo

154 1547 220 1606 aute
234 1558 316 1606 erant
329 1558 499 1621 contractae3
522 1547 678 1606 adventare
693 1557 789 1606 autem
804 1547 970 1605 dicerentur
990 1547 1060 1605 Hel·

153 1625 372 1703 lespontumque
396 1627 534 1685 transisse
560 1628 714 1704 Antipater
736 1636 766 1684 et
789 1625 928 1684 Craterus
956 1644 1061 1704 magno

153 1724 222 1763 curn
237 1707 368 1764 exercitu
382 1705 584 1776 Macedonum,
599 1707 655 1764 viri
669 1724 760 1782 quum
774 1705 916 1775 claritate,
931 1715 994 1762 tum
1005 1724 1060 1762 usu

116 1789 133 1840 4
154 1783 223 1841 belli
237 1793 421 1860 praestantes:
443 1783 633 1864 (Macedones
647 1803 716 1842 vero
729 1783 835 1840 milites
848 1802 885 1841 ea
898 1793 968 1842 tunc
979 1796 1060 1842 erant

155 1861 241 1934 fama,
256 1882 315 1940 qna
329 1882 408 1922 nunc
419 1862 544 1922 Romani
558 1862 708 1922 feruntur:
729 1863 835 1919 etenim
845 1880 960 1938 semper
973 1863 1060 1920 habiti

153 1951 221 1999 suut
242 1940 398 2013 fortissimi,
416 1943 466 2017 qui
490 1961 634 2000 summam
654 1941 768 2018 imperii
788 1942 947 2017 potirentur
956 1939 980 2018 ε)
1000 1941 1059 1998 Eu-

155 2039 254 2078 menes
277 2021 464 2098 intelligebat,
480 2021 505 2078 si
524 2022 615 2097 copiae
636 2040 698 2078 suae
720 2029 899 2096 cognossent,
921 2019 1061 2077 adversus

154 2117 227 2174 quos
240 2097 426 2168 ducerentur,
440 2116 498 2154 uon
511 2098 595 2156 modo
614 2118 672 2157 non
696 2100 797 2167 ituras,
812 2097 862 2154 sed
886 2098 972 2155 simul
993 2117 1060 2155 cum

115 2180 134 2232 5
154 2176 255 2232 nuntio
265 2175 438 2253 dilapsuras.
482 2175 583 2253 ltaque
597 2177 652 2236 hoc
663 2178 728 2253 ejus
739 2175 794 2233 fuit
807 2175 1061 2252 prudentissimum

154 2252 316 2324 consilium,
332 2264 364 2312 ut
377 2253 469 2312 deviis
483 2255 635 2314 itineribus
649 2256 755 2313 milites
769 2254 897 2325 duceret,
912 2255 942 2311 in
956 2256 1061 2330 quibus

155 2349 227 2390 vara
240 2331 341 2406 audire
354 2351 412 2390 non
434 2345 557 2409 possent,
573 2345 602 2393 et
626 2334 671 2393 his
698 2333 894 2410 persuaderet,
908 2352 941 2390 se
961 2345 1061 2392 contra

115 2416 134 2468 6
154 2409 293 2486 quosdam
307 2411 445 2469 barbaros
465 2413 620 2489 proficisci.
662 2411 764 2488 ltaque
778 2413 870 2469 tenuit
891 2412 944 2469 hoc
963 2431 1060 2488 propo

155 2490 251 2558 situm,
267 2498 295 2547 et
316 2490 396 2565 prins
417 2491 448 2547 in
462 2492 557 2549 aciem
571 2493 732 2550 exercitum
747 2490 847 2548 eduxit
867 2490 1061 2567 proeliumque

154 2567 306 2638 commisit,
321 2586 408 2644 quam
430 2569 537 2629 milites
560 2572 607 2628 sui
631 2572 748 2639 scirent,
763 2587 831 2626 cum
851 2569 958 2644 quibus
982 2588 1062 2627 arma

155 2643 328 2704 conferrent.
349 2645 456 2706 Effecit
471 2649 559 2714 etiarn
572 2650 645 2708 illud
660 2649 789 2707 locorum
804 2649 1061 2724 praeoccupatione,

155 2735 186 2783 ut
208 2727 337 2802 equitatu
360 2726 454 2802 potius
477 2726 637 2797 dimicaret,
662 2747 720 2804 quo
742 2726 808 2803 plus
829 2726 953 2797 ualebat,
974 2745 1061 2804 quam

155 2804 292 2880 peditatu,
307 2823 365 2880 quo
377 2814 440 2862 erat
453 2804 585 2864 deterior.

118 2891 130 2942 l
194 2883 248 2943 IV.
270 2883 405 2951 Quorum
419 2884 560 2942 acerrimo
577 2904 722 2944 concursu
736 2902 827 2961 quum
842 2901 979 2960 magnam
998 2903 1061 2958 par-

154 2974 211 3021 tem
226 2963 283 3021 diei
296 2971 371 3020 esset
385 2971 555 3038 pugnatum,
570 2964 647 3022 cadit
660 2964 799 3022 Craterus
812 2962 881 3031 dux,
895 2971 924 3018 et
938 2962 1062 3037 Neopto

154 3042 257 3112 lemus,
272 3042 322 3119 qui
336 3040 497 3098 secundum
511 3041 609 3100 locum
623 3043 736 3118 imperii
750 3042 876 3100 tenebat.
917 3039 994 3098 Cum
1009 3041 1063 3097 hoo

116 3127 133 3176 ’δ
155 3123 301 3178 concurrit
314 3122 376 3197 ipse
391 3118 549 3178 Eumenes.
591 3121 653 3188 Qui
673 3140 764 3198 quum
785 3121 860 3177 inter
874 3138 905 3176 se
919 3118 1063 3194 complexi

155 3199 185 3252 in
199 3209 307 3255 terram
321 3218 358 3256 ex
372 3199 456 3273 equis
470 3197 653 3269 decidissent,
669 3209 701 3258 ut
715 3197 801 3257 facile
821 3196 945 3274 intelligi
960 3209 1062 3274 posset,

154 3275 273 3332 inimica
286 3286 381 3334 mente
403 3277 592 3349 contendisse,
608 3280 761 3354 animoque
775 3277 870 3353 magis
883 3277 970 3334 etiam
991 3294 1062 3352 pug-

156 3373 249 3423 nasse,
264 3371 353 3428 quam
367 3372 496 3429 corpore,
511 3375 568 3414 non
584 3360 664 3433 prius
678 3356 807 3415 distracti
820 3365 897 3425 sunt,
912 3373 1005 3430 quam.
1022 3354 1062 3412 al·

154 3443 249 3489 terum
264 3430 361 3487 anima
376 3431 536 3506 reliquerit.
579 3436 629 3493 Ab
645 3436 701 3511 ¹hoc
715 3435 825 3510 aliquot
845 3433 939 3509 plagis
954 3431 1063 3490 Eume·

154 3529 207 3568 nes
227 3509 407 3577 vulneratur,
422 3525 517 3583 nequa
532 3531 566 3570 ec
581 3514 675 3589 magis
688 3532 725 3571 ex
740 3512 843 3588 proelio
857 3511 990 3580 excessit,
1012 3509 1063 3570 md

116 3588 255 3664 βῳῑίασ
276 3587 368 3646 hoster
390 3587 501 3645 institit.
544 3589 603 3648 Hic
617 3591 763 3667 equitibus
788 3589 955 3666 profligatis,
977 3590 1059 3647 inter-
