2378 4036
154 253 198 313 98
255 245 365 313 XXV.
408 254 483 322 23.
518 245 583 331 ,(Τ.
599 245 795 329 Pomponius
810 245 960 326 Atticas.)
995 225 996 228 Ἴ

151 399 367 476 pronunciaret.
398 386 467 464 Qua
480 416 517 455 ex
532 417 564 455 re
578 398 608 455 in
622 395 747 472 pueritia
759 397 865 454 nobilis
878 399 952 455 inter
966 418 1057 474 aequa·

136 477 194 537 les
205 477 362 547 ferebatur,
372 476 539 551 clariusque
553 475 817 551 exsplendesoebat,
827 494 916 552 quam
929 481 1061 553 generosi

111 559 130 614 4
150 555 340 631 condiscipuli
355 555 451 613 animo
464 572 547 628 nequo
561 552 637 610 serre
652 562 776 629 possent.
812 553 913 631 Itaque
924 556 1061 614 incitabat

148 652 249 692 omnes
262 633 356 692 studio
366 649 438 705 suo;
461 650 518 708 quo
532 633 562 689 in
572 650 694 689 numero
708 629 826 690 fuerunt
836 631 872 691 L.
885 633 1060 709 Torquatus,

149 711 185 771 C.
201 711 314 770 Marius
335 711 422 781 filius,
438 710 480 768 M.
495 710 615 769 Cicero:
636 728 708 784 quos
722 711 929 769 consuetudine
950 714 1061 770 suasio

149 791 205 849 sibi
219 789 357 859 devinxit,
372 800 404 848 ut
418 809 504 848 nemo
518 789 553 847 iis
567 797 706 865 perpetuo
721 787 808 861 Q
822 791 926 847 carior.
1015 783 1066 797 “⁶

3 858 127 927 ’fl
189 868 228 928 II.
250 868 337 927 Pater
351 862 465 926 mature
479 868 614 927 decessit.
650 865 715 942 Ipse
730 867 964 926 adolescentulus
979 888 1059 948 prop-

148 957 195 1007 ter
208 947 376 1006 affinitatem
390 947 423 1005 P.
439 946 574 1023 Sulpicii,
595 946 646 1023 qui
661 946 795 1003 tribunus
815 945 907 1023 plebis
928 947 1060 1006 interfec-

148 1035 197 1084 tus
210 1036 263 1097 est,
277 1044 334 1084 non
348 1044 453 1102 expers
467 1024 521 1083 fuit
535 1024 616 1082 illius
629 1024 763 1100 periculi.
790 1024 927 1101 Namque
943 1027 1060 1097 Anicia,

150 1105 299 1182 Pomponii
312 1105 493 1174 consobrina,
502 1114 641 1180 nupserat
655 1101 696 1158 M.
707 1102 818 1173 Servio,
829 1101 910 1160 fratri
924 1103 1058 1180 Sulpicii.

110 1183 251 1260 2Itaque
276 1182 426 1242 interiecto
454 1182 586 1259 Sulpicio
613 1190 799 1258 posteaquam
821 1181 900 1251 vida,
929 1183 1061 1242 Cinnano

148 1263 275 1321 tumultu
290 1262 436 1320 civitatem
451 1281 515 1319 esse
529 1260 736 1337 perturbatam,
752 1278 847 1334 neque
861 1261 916 1318 sibi
940 1261 1003 1319 dari
1019 1263 1059 1320 fa-

148 1341 288 1399 cultatem
303 1359 354 1416 pro
375 1339 514 1416 dignitate
530 1338 655 1407 vivendi,
670 1339 743 1414 quin
764 1338 941 1397 alterutram⁴
949 1352 1059 1417 partem

147 1418 314 1489 offenderet,
323 1418 486 1476 dissociatis
500 1418 604 1476 animis
618 1417 737 1485 civium,
748 1436 839 1492 quum
855 1417 905 1474 alii
919 1419 1058 1490 Sullanis,

148 1497 201 1555 alii
215 1497 356 1556 Cinnanis
371 1495 503 1554 faverent
523 1497 669 1573 partibus:
691 1495 826 1553 idoneum
851 1506 965 1572 tempus
980 1510 1059 1556 ratus

149 1576 252 1634 studiis
265 1575 441 1652 obsequendi
455 1577 526 1644 suis,
540 1575 672 1633 Athenas
685 1593 716 1631 se
731 1575 862 1632 eontulit.
904 1575 1009 1652 Neque
1024 1597 1058 1634 eo

149 1655 248 1713 sacius
270 1655 482 1712 adolescentem
504 1653 639 1722 Marium,
661 1653 772 1711 hostem
792 1652 965 1728 judicatum,
983 1655 1059 1730 juvit

109 1735 128 1786 3
148 1733 251 1810 opibus
264 1733 344 1806 suis3
368 1733 454 1809 cujus
475 1731 576 1810 sugam
596 1733 722 1809 pecunia
734 1732 908 1790 sublevavit.
950 1734 1007 1804 Aa,
1022 1753 1059 1808 ne

147 1811 200 1869 illa
213 1813 406 1889 peregrinatio
419 1810 623 1870 detrimentum
637 1810 754 1887 aliquod
767 1810 883 1869 afferret
897 1813 939 1868 rei
954 1810 1058 1870 famili-

149 1891 202 1960 ari,
214 1891 314 1950 eodem
329 1908 466 1968 maguam
480 1900 592 1966 partem
606 1889 785 1948 fortunarum
796 1888 909 1964 trajecit
925 1909 1056 1948 suarum.

149 1967 209 2029 Hic
233 1969 368 2043 itaflvixit,
390 1979 422 2026 ut
443 1969 586 2026 universis
608 1969 836 2026 Atheniensibus
858 1969 959 2026 merito
983 1980 1057 2048 efflet

2 1976 88 2150 ‚qa
109 2047 129 2100 4
149 2037 327 2105 cariss'u'r'uus.
370 2037 449 2104 Nam
473 2058 577 2122 praeter
590 2047 725 2124 gratiam,
741 2065 807 2122 quae
827 2047 889 2122 jam
903 2047 933 2102 in
948 2047 1057 2104 adoles

147 2125 266 2182 centulo
288 2144 395 2201 magna
416 2136 488 2194 erat,
504 2144 579 2200 saepe
601 2126 663 2182 suis
686 2125 788 2201 opibus
808 2125 934 2202 inopiam
957 2145 1057 2183 eorum

147 2203 295 2278 publicam
309 2203 425 2261 levavit.
452 2203 553 2268 Quum
569 2204 648 2260 enim
662 2222 814 2261 versuram
823 2201 927 2276 'lacere
942 2205 1057 2279 publice

147 2298 266 2337 necesse
280 2291 366 2350 esset,
381 2299 475 2356 neque
486 2281 550 2356 ejus
563 2281 756 2339 conditionem
767 2300 882 2357 aequam
896 2283 1055 2355 haberent3

146 2377 261 2434 semper
274 2378 306 2415 se
321 2359 498 2435 interposuit,
515 2371 602 2436 atque
616 2361 667 2430 ita,
683 2371 715 2418 ut
734 2379 829 2436 neque
842 2375 971 2417 'usuram
995 2381 1056 2418 um-

3 2499 86 2517 „
146 2454 234 2511 quam
250 2437 287 2492 ab
310 2437 347 2493 iis
361 2439 519 2528 acceperit,
530 2433 771 2515 neque'l'ongius,
786 2457 874 2514 quam
889 2439 998 2496 dictum
1013 2460 1056 2497 es-

108 2511 126 2564 5
147 2523 199 2583 set,
215 2513 291 2591 [eos]
316 2515 420 2573 debere
444 2518 612 2601 Qus-sm.
655 2517 741 2583 Quod
764 2528 919 2593 utrumque
934 2529 996 2575 erat
1020 2520 1056 2575 iis

146 2591 285 2650 salutare.
327 2593 406 2651 Nam
420 2613 514 2671 neque
535 2595 710 2672 indulgendo
730 2597 941 2654 inveterascere
955 2616 1056 2654 eorum

146 2688 187 2729 aas
201 2670 328 2729 alienum
340 2673 510 2748 patiebatur,
519 2693 614 2750 neque
629 2673 855 2751 multiplicandis
869 2676 965 2732 usuris
978 2694 1055 2733 ores-

107 2747 125 2801 6
146 2768 224 2807 cere.
256 2748 349 2808 Auxit
360 2751 414 2808 hoo
429 2750 556 2809 officium
572 2752 629 2810 alia
642 2771 756 2828 quoque
771 2752 953 2810 liberalitate.
976 2753 1055 2811 Nam

38 2872 41 2876 .
147 2829 297 2886 universos
312 2827 455 2886 frumento
469 2829 593 2900 donavit,
609 2832 649 2889 ita
664 2841 695 2889 ut
709 2829 831 2908 singulis
845 2842 955 2907 septem
970 2833 1055 2889 modii

15 2878 96 3073 ,ἴ-
147 2905 404 3043 triticlildqreer:
426 2908 476 2984 qui
487 2908 588 2966 modus
601 2908 746 2967 mensurae
760 2909 922 2967 medimnus
932 2910 1055 2968 Athenis

148 3002 167 3042 a
246 2995 321 3049 otuu.

108 3069 122 3120 l
168 3004 238 3122 plll.
260 3064 320 3123 Hic
339 3076 438 3123 autem
469 3066 682 3143 'osagerebat,
699 3077 730 3124 ut
754 3067 916 3123 communis
938 3067 1053 3135 infimis,

40 3099 103 3285 {a
145 3160 199 3216 par
225 3144 403 3220 principibus
427 3085 584 3229 &erg-tur.
631 3125 905 3230 Qutslactmmest,
923 3153 961 3213 ut
984 3144 1054 3202 huic
1119 3138 1143 3188 'A

57 3288 60 3297 1
145 3237 244 3276 omnes
258 3220 388 3293 bonores,
397 3243 470 3300 quos
483 3235 606 3301 possent,
617 3223 892 3304 publice'hffl,
902 3183 1116 3297 civemque‘i'

147 3293 245 3353 facere
262 3299 426 3389 sterent:
447 3321 506 3378 quo
520 3303 660 3360 beneficio
674 3302 724 3360 ille
746 3296 788 3360 u'tt
801 3300 903 3359 noluit.
954 3299 1054 3377 [Quod

145 3374 277 3431 nonnulli
300 3386 341 3433 ita
364 3379 598 3455 interpretantur,
614 3381 705 3438 amitti
726 3381 874 3438 civitatem
890 3377 1054 3437 Romanam

106 3456 125 3510 2
146 3451 205 3512 alia
219 3451 355 3530 adscita]
396 3456 546 3523 Quamdiu
561 3457 652 3529 affuit,
667 3478 704 3516 ne
718 3478 778 3534 qua
791 3459 846 3516 sibi
859 3467 955 3516 statua
970 3477 1053 3535 pone·

145 3541 234 3601 retur,
260 3531 380 3606 restitit3
417 3533 521 3594 absens
548 3537 699 3612 prohibere
726 3555 784 3595 non
811 3537 911 3614 potuit.
953 3535 1054 3613 ltaque

142 3608 256 3704 ‚lquor
269 3610 323 3704 ipsi
333 3621 362 3679 at
376 3611 486 3683 Phidte
499 3613 571 3682 locis
580 3615 770 3683 mnotiuimis
777 3625 954 3694 posuerunt:
974 3614 1053 3689 bunt·
