2378 4036
103 2247 159 2272 κ
203 2197 256 2255 ties
270 2198 435 2258 affluentius
449 2200 563 2270 vixerit,
573 2218 612 2276 qu

289 233 399 302 XXV.
445 242 559 310 1415.
599 233 650 318 (T.
664 233 862 320 Pomponius.
874 234 1023 318 Aaou.)
1049 243 1115 310 tot.

202 390 378 450 confinem
390 389 475 448 debet
484 389 571 448 duci:
586 398 615 447 et
628 390 723 467 potius
736 388 895 466 diligentia,
928 409 995 448 uam
1010 390 1111 467 pretio,

203 487 318 546 parare,
340 486 398 526 non
422 467 576 526 mediocris
599 477 643 526 est
671 467 830 526 udustriae.
887 410 1025 546 Eiegans,
1055 471 1151 528 nonll

203 546 661 625 magnificus32910ndidus,non
678 555 863 622 sumptuosus
872 566 881 619 ;
904 549 982 605 omni
991 547 1111 624 diligen·

202 626 244 684 tia
264 625 453 695 mundiciam,
474 644 531 683 non
556 625 744 695 affluentiam,
766 624 929 684 affectabat.
972 625 1111 703 Supellex

203 705 327 774 modica,
340 723 397 761 non
412 705 513 773 multa,
533 705 609 762 utin
627 714 762 762 neutram
781 714 892 780 partem
906 706 1035 781 conspici
1050 723 1111 781 pos-

203 792 257 842 set.
298 783 366 841 Nec
390 783 550 859 praeteribo,
565 801 744 860 quamquam
767 782 915 841 nonnullis
935 783 1001 841 leve
1015 784 1111 841 visum
1131 787 1150 840 6

203 862 240 919 iri
253 871 372 938 putem:
393 880 485 937 quum
499 862 633 938 inprimis
649 861 748 920 lautus
761 871 837 918 esset
850 879 940 938 eques
954 861 1111 931 Romanus,

203 949 232 998 et
244 958 301 998 non
316 959 420 1016 parum
434 939 594 998 liberaliter
607 940 724 999 domum
738 958 823 997 suam
836 941 964 998 omnium
978 941 1111 998 ordinum

204 1019 334 1077 homines
357 1019 503 1089 invitaret,
520 1018 669 1096 [seimus]
694 1037 751 1077 non
772 1018 906 1094 amplius,
920 1038 1008 1095 quam
1029 1029 1111 1076 terna

204 1097 297 1155 millia
311 1098 386 1168 aeris,
401 1116 537 1175 perteque
551 1098 581 1155 in
596 1097 725 1174 singulos
739 1115 862 1166 menses,
877 1116 912 1155 ex
928 1096 1111 1174 ephemeride

204 1194 272 1234 eum
285 1194 445 1254 expensum
465 1177 594 1254 sumptui
608 1175 685 1234 ferre
699 1176 826 1234 solitum.
869 1177 969 1253 Atque
990 1176 1043 1234 hoc
1056 1192 1110 1234 non
1131 1180 1150 1234 7

205 1254 344 1326 auditum,
360 1254 411 1313 sed
425 1255 574 1332 cognitum
596 1255 797 1332 praedioamus.
840 1254 923 1331 Saepe
937 1255 1014 1312 enim
1029 1273 1110 1332 prop·

204 1341 247 1390 ter
259 1332 486 1392 familiaritatem
501 1333 666 1392 domesticis
679 1334 767 1392 rebus
780 1332 975 1392 interfuimus.

243 1411 325 1471 XIV.
347 1412 444 1470 Nemo
465 1413 496 1469 in
510 1413 644 1470 convivio
657 1412 722 1489 ejus
736 1411 817 1470 aliud
838 1431 975 1471 acroama
989 1413 1109 1484 audivit,
1132 1418 1144 1471 l

203 1508 292 1566 quam
317 1501 511 1568 anagnosten:
542 1491 619 1588 {¹2⁰}
643 1511 694 1550 nos
722 1491 839 1566 quidem
864 1491 1109 1567 jucundissimum

204 1569 388 1627 arbitramur.
428 1569 535 1646 Neque
549 1589 688 1646 umquam
702 1571 764 1628 sine
779 1570 878 1645 aliqua
899 1570 1021 1628 lectione
1035 1570 1111 1647 apud

205 1665 274 1704 eum
287 1658 436 1706 ooenatum
457 1659 509 1718 est,
528 1660 560 1706 ut
581 1667 637 1706 non
658 1649 755 1706 minus
780 1649 884 1717 animo,
899 1666 987 1724 quam
1010 1659 1110 1706 ventre

203 1727 333 1785 convivae
347 1726 568 1786 delectarentur.
611 1727 748 1802 Namque
769 1746 818 1784 eos
840 1727 972 1794 vocabat,
987 1745 1110 1801 quorum
1131 1731 1150 1783 2

203 1823 298 1863 mores
319 1824 338 1862 a
356 1805 417 1864 suis
439 1825 495 1864 non
519 1806 717 1864 abborrerent.
759 1798 860 1869 Quum
885 1813 966 1860 tanta
980 1804 1111 1880 pec'tifiiae

204 1881 282 1941 iacta
304 1894 379 1942 esset
400 1885 541 1954 accessio,
555 1875 628 1942 nihil
647 1870 683 1942 de
705 1882 869 1960 quotidiano
883 1882 965 1940 cultu
979 1882 1109 1952 mutavit,

203 1961 274 2020 nibil
289 1961 325 2021 de
345 1963 412 2021 vitae
425 1962 652 2022 consuetudines
674 1970 811 2056 ‘Que
833 1979 903 2020 usus
917 1969 960 2018 est
982 1959 1110 2018 modera-

206 2041 288 2112 tione,
305 2051 336 2099 nt
357 2060 452 2118 neque
466 2042 497 2100 in
511 2043 641 2100 sestertio
651 2042 752 2111 viores,
768 2039 843 2117 quod
864 2048 977 2116 epatre
992 2057 1111 2117 aecepe-

110 2119 171 2145 ⁵
205 2129 257 2190 rat,
272 2120 377 2197 pa‘rum
390 2141 422 2179 se
436 2120 585 2197 splendide
599 2120 729 2257 m,
744 2138 839 2196 neque
853 2120 883 2176 in
898 2119 1027 2177 sestertio
1043 2136 1109 2177 cen-

721 2199 846 2270 tituerat,
862 2197 981 2275 parique
996 2197 1111 2277 fastigio

203 2277 312 2336 steterit
330 2277 362 2335 in
376 2262 646 2355 unaqbe'lortuna.
688 2277 794 2336 Nullos
809 2277 909 2336 habuit
927 2278 1031 2348 hortos,
1046 2277 1109 2336 nul·
1131 2280 1149 2333 3

191 2340 487 2415 ianssubnrbanam
508 2366 559 2414 aut
580 2358 755 2416 maritimam
776 2367 973 2433 sumptuosam
997 2357 1108 2427 villam,

203 2453 297 2511 neque
322 2435 353 2492 in
372 2433 466 2506 Italia,
492 2445 595 2512 preter
619 2435 813 2494 Ardeatinum
833 2445 862 2493 et
882 2435 1110 2506 Nomentanum,

204 2514 345 2572 rusticum
359 2513 519 2590 praedium:
539 2515 689 2591 omnisque
699 2515 764 2591 ejus
777 2515 909 2590 pecunias
923 2515 1031 2572 reditus
1044 2532 1109 2572 con-

204 2593 298 2651 stabat
311 2592 344 2650 in
356 2592 513 2669 Epiroticis
526 2603 555 2651 et
576 2593 696 2651 urbanis
714 2593 950 2670 possessionibus.
991 2593 1039 2652 Ex
1053 2612 1111 2670 quo

204 2671 340 2807 anosci
361 2680 461 2748 potest,
477 2690 564 2730 usum
577 2691 644 2730 eum
666 2673 799 2749 pecuniae
821 2691 879 2730 non
901 2671 1109 2750 magnitudine,

268 2751 377 2808 ratione
392 2751 487 2808 metiri
500 2750 626 2809 solitum.

245 2827 312 2886 XV.
333 2827 521 2888 Mendacium
534 2848 630 2906 neque
650 2830 773 2900 dicebat,
789 2849 883 2906 nequa
906 2829 964 2905 pati
988 2836 1108 2904 poterat.
1133 2831 1160 2910 1(

205 2904 306 2982 ltaque
319 2907 384 2983 ejus
397 2908 516 2966 comitas
529 2926 587 2967 non
600 2909 662 2967 sine
682 2909 835 2967 severitate
850 2917 921 2974 erat,
935 2924 1030 2980 neque
1044 2923 1110 2980 gra-

205 2985 279 3042 vitas
298 2986 361 3043 sine
386 2984 533 3056 facilitate,
551 2997 582 3045 ut
604 2986 720 3046 difficile
741 2997 817 3045 esset
838 2984 997 3052 intellectu,
1013 2991 1111 3040 utrum

163 3116 167 3124 .
205 3081 273 3121 eum
297 3065 386 3122 amici
407 3066 501 3142 magis
521 3076 700 3136 vererentur,
716 3083 753 3122 an
778 3070 920 3121 amarent.
962 3059 1112 3136 Quidquid

206 3142 370 3219 rogabatur,
382 3142 516 3221 religiose
531 3144 728 3220 promittebat:
749 3141 826 3216 quod
840 3157 896 3196 non
909 3137 1048 3209 liberalis,
1061 3138 1111 3198 sed

205 3220 279 3279 levis
299 3221 505 3292 arbitrabatur,
520 3222 660 3299 polliceri,
674 3219 750 3296 quod
771 3227 907 3295 prestare
927 3236 984 3277 non
1006 3228 1109 3295 posset.

205 3297 285 3357 Idem
303 3300 335 3356 in
350 3299 476 3370 nitendo,
490 3299 567 3376 quod
580 3299 670 3358 semel
685 3297 843 3365 annuisset,
858 3304 937 3394 Q
951 3308 1014 3358 erat
1027 3317 1110 3370 cura,
1132 3302 1150 3356 Β

205 3385 308 3437 utnon
322 3377 498 3449 mandatam,
510 3377 653 3437 sedanam
668 3374 887 3467 reva
898 3395 996 3454 agere.
1017 3377 1111 3436 Num·

199 3454 293 3531 mnam
306 3458 434 3534 suscepti
448 3457 556 3534 negotii
576 3475 644 3514 eum
667 3463 820 3531 pertaesum
834 3463 887 3513 est.
928 3457 1020 3514 Suam
1033 3455 1112 3513 enim

206 3534 448 3594 existimationem
462 3535 492 3592 iu
506 3554 543 3593 ea
557 3553 589 3592 re
603 3535 652 3612 agi
673 3533 809 3610 putabat:
829 3553 888 3611 qua
902 3536 973 3592 nibil
989 3532 1112 3593 habebat
1135 3572 1136 3576 ,
1178 3527 1187 3545 '

205 3612 314 3673 carius
353 3611 533 3715 Qfiebat,
540 3611 879 3705 &omniaciceronum
894 3611 1019 3678 Catonis,
1034 3607 1111 3685 [Ma-
1132 3613 1150 3669 θ
