2378 4036
171 235 213 297 aa
334 231 338 239 ·
391 227 479 294 xm
522 235 552 304 c,
572 232 620 293 ιο.
664 227 863 310 (naum),

167 396 252 454 quam
273 377 511 446 adversariorum,
533 375 654 446 rideret,
673 375 710 434 ed
732 393 837 452 pacem
856 375 1068 453 amicitiamque

129 460 147 515 6
167 456 294 515 hortatus
316 465 369 525 est,
390 465 421 512 ut
441 473 506 512 cum
529 473 599 530 rege
623 454 654 512 in
674 455 795 530 gratiam
815 453 931 513 rediret.
974 455 1068 522 Quam

168 535 218 594 ille
246 533 301 592 etsi
322 534 408 591 fidam
434 551 492 590 non
520 532 581 590 lore
603 534 728 608 putabat,
754 542 851 591 tamen
875 532 1067 593 conditionem

168 613 283 689 sccepit
303 631 392 687 seque
415 612 451 669 ad
468 613 658 669 Artaxerxem
675 612 787 687 legatos
808 611 963 669 missumm
985 611 1067 669 dixit.

169 692 220 751 Sic
241 692 358 761 bellum,
379 690 455 765 quod
475 707 528 746 rex
549 689 686 747 adversus
710 690 863 748 Datamem
889 701 1067 766 susceperat,

168 771 308 829 sedatum.
343 767 572 844 Autophradates
587 767 618 824 in
632 767 789 843 Phrygiam
802 787 836 825 se
850 768 969 844 recepit.

133 853 144 906 l
207 848 262 907 IX.
284 849 322 905 At
335 866 396 917 rex,
407 846 482 922 quod
495 844 678 922 implacabile
692 845 789 904 odium
800 847 831 903 in
842 847 993 904 Datamem
1004 866 1067 904 sus-

168 937 294 1002 ceperat,
307 936 459 1002 postquam
472 925 550 982 bello
565 943 631 982 eum
644 925 766 1000 opprimi
774 943 832 982 non
843 943 931 1000 posse
941 927 1066 984 animad-

166 1005 259 1075 vertit,
280 1005 395 1062 insidiis
415 1004 578 1061 interficere
603 1003 726 1072 studuit3
748 1022 819 1078 quas
843 1003 893 1061 ille
913 1004 1065 1079 plerasque

128 1089 146 1141 2
170 1084 277 1142 vitarit.
319 1083 411 1154 Sicut,
435 1100 521 1156 quum
547 1082 706 1140 nuntiatum
730 1093 818 1152 esset,
845 1082 984 1156 quosdam
1010 1083 1066 1141 sibi

167 1162 307 1233 insidiari,
334 1161 383 1237 qui
410 1162 441 1219 in
464 1160 620 1218 amicorum
644 1171 724 1217 erant
746 1179 864 1218 numero
885 1161 934 1238 (de
955 1161 1065 1236 quibus,

166 1241 241 1318 qnod
254 1240 365 1298 inimici
378 1240 547 1308 detulerant,
561 1258 654 1313 neque
669 1239 853 1310 credendum,
866 1259 960 1313 neque
974 1240 1064 1315 negli-

145 1352 152 1366 ·
167 1319 292 1396 gendum
311 1319 440 1396 putavit),
460 1317 584 1392 experiri
598 1318 696 1388 voluit,
709 1337 808 1375 verum
824 1317 964 1376 falsumne
986 1329 1065 1376 esset

128 1403 146 1456 3
167 1399 295 1456 relatum.
337 1398 436 1472 Itaque
457 1414 493 1453 eo
513 1395 658 1470 profectus
682 1406 735 1466 est,
756 1415 811 1470 quo
833 1397 936 1454 itincre
957 1396 1064 1455 futuras

167 1477 288 1535 insidias
303 1476 443 1534 dixerant.
486 1474 547 1532 Sed
560 1475 650 1551 elegit
663 1493 782 1551 corpore
797 1487 826 1532 et
839 1485 946 1533 statura
954 1475 1064 1533 similli-

166 1574 243 1614 mum
257 1556 312 1626 sui,
326 1556 410 1629 eique
424 1553 558 1612 vestitum
578 1573 661 1611 suum
679 1553 767 1624 dedit,
781 1564 864 1628 atque
880 1573 915 1612 eo
933 1554 999 1612 loco
1012 1554 1064 1623 ire,

166 1653 221 1709 quo
232 1635 296 1711 ipse
306 1641 504 1702 consueverat,
515 1632 610 1708 jussit.
646 1633 714 1708 Ipse
726 1643 821 1689 autem
834 1643 934 1690 ornatu
948 1633 1064 1690 vestitu·

166 1733 221 1788 que
234 1713 351 1771 militari
375 1713 450 1770 inter
468 1712 597 1786 corporis
620 1711 754 1769 custodes
776 1712 831 1768 iter
850 1711 947 1769 facere
968 1711 1063 1786 coepit.

130 1797 146 1851 t
167 1793 205 1850 At
218 1792 411 1862 insidiatores,
419 1801 570 1868 postquam
583 1791 613 1848 in
627 1810 693 1848 eum
701 1791 796 1847 locum
810 1809 912 1866 agmen
925 1791 1064 1866 pervenit,

166 1871 282 1948 decepti
302 1871 402 1929 ordine
423 1881 505 1946 atque
528 1869 640 1940 vestitu,
654 1870 685 1927 in
706 1888 771 1926 eum
791 1868 900 1926 faciunt
918 1869 1064 1945 impetum,

166 1951 214 2026 qui
236 1951 400 2026 suppositus
424 1959 493 2007 erat.
535 1948 711 2006 Praedixerat
731 1958 826 2005 autem
846 1947 893 2004 his
916 1947 1063 2018 Datames,

166 2048 232 2086 cum
244 2031 346 2102 quibus
368 2030 423 2086 iter
444 2028 576 2096 faciebat,
590 2037 621 2084 ut
640 2027 731 2103 parati
751 2037 851 2084 essent
869 2026 975 2096 lacere,
989 2026 1064 2102 quod

166 2107 260 2183 ipsum
283 2107 434 2164 vidissent.
483 2108 561 2184 Ipse,
589 2116 620 2162 ut
647 2117 853 2163 concurrentes
879 2105 1063 2163 insidiatores

166 2184 373 2254 animadvertit,
397 2185 457 2241 tela
483 2186 513 2243 in
538 2203 589 2244 eos
612 2185 747 2261 conjecit.
789 2184 855 2242 Hoc
878 2183 956 2242 idem
979 2203 1064 2258 quum

165 2262 293 2320 universi
305 2262 453 2334 fecissent,
467 2264 630 2340 priusquam
642 2263 827 2338 pervenirent
841 2263 877 2320 ad
890 2282 964 2332 eum,
979 2282 1063 2338 quem

166 2340 284 2418 aggredi
293 2341 436 2412 volebant,
451 2343 557 2400 confixi
571 2342 748 2399 ceciderunt.

129 2428 141 2478 l
205 2419 243 2478 X.
259 2419 318 2477 Hic
328 2429 425 2477 tamen
435 2431 493 2478 tam
502 2422 623 2480 callidus
632 2420 811 2478 virextremo
824 2431 951 2496 tempore
963 2430 1062 2496 captus

165 2509 210 2556 est
233 2497 418 2570 Mithridatis,
444 2499 645 2558 Ariobarzanis
666 2499 728 2569 filii,
752 2499 828 2556 dolo.
880 2500 1012 2574 Namque
1034 2499 1060 2557 is

166 2577 312 2654 pollicitus
328 2587 373 2634 est
393 2578 465 2654 regi,
479 2599 513 2636 se
535 2598 600 2636 eum
614 2578 837 2648 interfecturum,
851 2578 877 2635 si
891 2577 920 2636 ei
933 2596 986 2635 rex
998 2596 1062 2653 per·

164 2655 296 2726 mitteret,
310 2667 349 2725 ut,
370 2657 565 2732 quodcumque
579 2658 676 2727 vellet,
697 2657 800 2714 liceret
819 2657 934 2733 impune
955 2656 1062 2726 secere,

164 2734 304 2810 fidemque
328 2735 365 2793 de
388 2754 425 2793 ea
447 2754 488 2806 re,
510 2755 589 2794 more
614 2737 777 2806 Persarum,
801 2735 901 2792 dextra
922 2735 1061 2793 dedisset.

125 2819 142 2872 2
165 2814 251 2873 Hanc
265 2825 296 2872 ut
309 2814 423 2890 accepit
436 2833 454 2871 a
466 2833 535 2891 rege
548 2815 676 2885 missam,
691 2814 790 2890 copias
810 2823 899 2889 parat,
914 2824 943 2871 et
956 2815 1061 2872 absens

164 2893 320 2952 amicitiam
347 2912 412 2951 cum
440 2893 562 2951 Datame
583 2891 661 2962 facit,
680 2893 760 2969 regis
780 2893 943 2968 provincias
966 2901 1061 2963 vexat,

163 2974 285 3032 castella
299 2981 451 3050 expugnat,
464 2991 584 3048 magnas
598 2970 708 3047 praedas
724 2972 809 3047 capit,
822 2991 940 3046 quarum
952 2981 1062 3047 partem

163 3052 224 3110 suis
251 3052 391 3128 dispertit,
412 3061 522 3128 partem
536 3051 572 3108 ad
597 3050 747 3108 Datamem
768 3050 869 3120 mittit,
890 3051 953 3126 pari
978 3050 1062 3108 modo

128 3132 142 3182 l
165 3132 311 3206 complura
324 3132 445 3189 castella
460 3130 488 3187 ei
500 3130 594 3188 tradit.
627 3128 699 3186 Haec
714 3128 763 3186 diu
774 3128 907 3186 faciendo
917 3127 1062 3205 persuasit

162 3205 281 3277 homini,
292 3227 325 3265 se
339 3210 479 3267 infinitum
498 3210 637 3267 adversus
650 3225 750 3283 regem
764 3208 932 3283 suscepisse
945 3207 1062 3277 bellum,

162 3303 248 3360 quum
260 3284 351 3343 nihilo
364 3288 467 3362 magis,
480 3306 518 3345 ne
539 3306 623 3362 quam
643 3285 840 3362 suspicionem
859 3285 903 3344 illi
923 3287 1063 3361 preberet

162 3361 338 3432 insidiarum,
348 3382 441 3438 neque
454 3366 626 3440 colloquium
640 3365 703 3441 ejus
717 3365 827 3440 petivit,
840 3383 935 3438 neque
949 3363 981 3421 in
994 3381 1062 3422 con·

163 3450 295 3518 spectum
307 3441 406 3499 venire
421 3442 536 3499 studuit.
579 3444 751 3517 Sicabsens
766 3442 921 3499 amicitiam
934 3443 1062 3518 gerebat,

48 3548 97 3605 μ
152 3532 192 3599 „¹¹3
203 3538 263 3579 non
275 3518 427 3576 beneficiis
447 3520 561 3589 muniis,
576 3520 629 3578 sed
648 3520 716 3578 odio
737 3520 889 3590 communi,
903 3520 979 3596 quod
993 3538 1067 3598 erge

157 3588 261 3675 regem
273 3607 472 3674 susceperant,
486 3597 627 3654 contineri
640 3597 812 3671 viderentur.
