2378 4036
409 262 481 329 vu.
528 264 743 346 (aemes.)
819 342 823 347 ,
983 274 1025 333 m

120 412 213 471 oratio
232 410 343 477 indicio
363 410 500 486 fuitque
519 423 586 487 post
604 424 723 474 mortem
743 415 775 475 in
796 414 880 472 domo
901 415 964 491 ejus
984 434 1027 473 re-

121 489 387 568 pertaesumque
407 490 511 548 suadet
524 490 761 562 Lacedaemoniis,
776 504 814 562 nt,
831 493 912 568 regia
933 505 1028 569 potes-

120 581 182 626 tate
196 569 345 637 dissoluta,
360 587 399 625 ex
412 569 542 627 omnibus
556 570 616 627 dux
636 571 776 646 deligatur
797 572 832 629 ad
852 573 957 629 bellum
979 592 1028 648 ge·

121 648 243 707 rendum
255 669 263 716 ;
285 647 338 704 sed
352 647 392 704 ita
406 647 522 724 scripta,
536 660 567 706 ut
580 649 697 708 deorum
711 651 855 708 rideretur
869 669 1026 726 congruere

122 727 283 796 sententia,
297 745 381 801 quam
401 726 450 784 ille
470 746 503 784 se
522 727 691 798 habiturum,
705 730 829 804 pecunia
849 730 950 800 fidens,
971 748 1028 789 non

121 806 278 942 gubitabat.
328 804 415 863 Hanc
439 805 468 863 ei
489 807 644 883 scripsisse
667 807 759 865 Cleon
783 808 1028 867 Halicarnasseus

144 896 237 948 icitur.

164 963 219 1022 1v.
242 963 337 1036 Atque
359 961 415 1019 hoc
438 963 504 1021 loco
526 982 581 1020 non
605 975 650 1022 est
671 965 897 1039 pratereundum
920 965 1028 1025 facturn
1051 970 1063 1025 l

123 1041 317 1110 Pharnabazi,
332 1042 455 1116 satripis
469 1043 551 1117 regii.
593 1043 671 1101 Nam
684 1062 770 1116 quum
786 1044 937 1118 Lysander
957 1063 1027 1119 pras·

122 1120 217 1180 sectus
232 1120 340 1187 classis
353 1121 382 1177 in
397 1120 474 1178 bello
484 1122 572 1179 multa
584 1122 737 1179 crudeliter
748 1141 887 1196 avareque
899 1122 1028 1193 fecisset,

123 1200 217 1273 deque
231 1199 279 1256 his
292 1200 378 1256 rebus
393 1200 587 1274 suspicaretur
603 1201 640 1257 ad
658 1201 737 1258 cives
758 1220 827 1258 suos
848 1221 915 1258 esse
937 1201 1029 1276 perla-

122 1289 192 1348 tum,
206 1277 316 1353 petiita
329 1277 525 1348 Pharnabazo,
539 1291 569 1336 ut
585 1280 620 1335 ad
633 1279 755 1354 ephoros
767 1281 822 1337 sibi
836 1281 1029 1339 testimonium

123 1356 215 1425 daret,
229 1369 333 1430 quanta
347 1360 499 1419 sanctitate
514 1359 619 1415 bellum
634 1359 775 1433 gessisset
789 1360 941 1432 sociosque
956 1370 1028 1417 trac-

122 1446 224 1505 tasset,
239 1436 331 1508 deque
354 1455 389 1492 ea
409 1449 446 1492 re'
461 1449 594 1503 securata
616 1439 773 1494 scriberet:
797 1444 929 1512 magnam
951 1439 1028 1496 enim

125 1515 187 1590 ejus
202 1515 399 1571 auctoritatem
414 1515 444 1571 in
456 1534 492 1571 ea
507 1534 537 1572 re
549 1516 678 1573 suturam.
722 1516 800 1574 Huic
811 1517 860 1574 ille
872 1517 1028 1574 liberaliter
1047 1521 1066 1573 2

123 1594 295 1669 pollicetur;
316 1593 416 1650 librum
431 1613 549 1667 gravem
567 1596 661 1652 multis
681 1596 775 1652 verbis
796 1596 977 1669 conscripsit,
998 1596 1028 1653 in

123 1691 179 1746 quo
193 1673 312 1730 summis
334 1691 400 1729 eum
423 1672 477 1730 fert
499 1673 639 1731 laudibus.
683 1674 778 1739 Quem
800 1693 885 1746 quum
908 1674 1029 1747 legisset

122 1752 338 1826 probassemus,
359 1751 425 1807 dum
447 1752 583 1826 signatur,
604 1753 721 1809 alterum
742 1753 803 1826 pari
825 1752 1028 1826 magnitudine,

125 1831 217 1907 [tanta
242 1829 451 1906 similitudine]
473 1841 503 1892 ut
524 1831 652 1888 discerni
674 1849 732 1888 non
757 1840 864 1904 posset,
888 1829 1028 1903 signatum

123 1909 255 1984 subjecit,
265 1909 358 1982 inquo
367 1909 584 1966 accuratissime
596 1911 657 1984 ejus
667 1909 813 1964 avaritiam
825 1907 1029 1982 perfidiamque

123 1999 282 2044 accusarat.
325 1987 403 2044 Hinc
417 1988 568 2063 Lysander
582 1989 695 2046 domum
710 2006 795 2062 quum
809 1986 941 2055 redisset,
953 1996 1029 2062 post·
1049 1990 1067 2044 3

122 2066 257 2141 quamde
273 2067 335 2123 suis
349 2068 434 2124 rebus
449 2067 539 2141 gestis
555 2068 629 2143 apud
650 2067 804 2124 maximum
824 2065 1028 2141 magistratum,

121 2164 183 2220 qna
198 2146 336 2215 voluerat,
350 2145 470 2214 dixerat,
484 2147 639 2207 testimonii
658 2147 723 2204 loco
742 2146 843 2203 librum
863 2165 880 2202 a
899 2145 1030 2204 Pharna·
1080 2153 1094 2191 '-

121 2225 193 2282 bazo
214 2223 312 2280 datum
333 2225 456 2281 tradidit.
500 2224 597 2294 Hunc,
612 2237 751 2283 summoto
768 2224 929 2300 Lysandro,
942 2241 1029 2298 quum
1135 2279 1138 2286 .

121 2302 222 2378 ephori
248 2314 433 2378 cognossent,
458 2303 514 2378 ipsi
539 2305 692 2379 legendum
717 2304 865 2362 dederunt.
908 2303 953 2360 Ita
977 2301 1027 2362 ille

120 2381 289 2458 imprudens
304 2382 368 2457 ipse
384 2401 453 2440 suus
468 2383 520 2440 suit
534 2393 695 2441 accusator.

305 2693 414 2771 v11.
466 2666 891 2771 lucinianae.

439 2957 754 3015 ARGUMENTUM.

123 3092 219 3164 GAP.
235 3094 264 3153 I.
286 3091 438 3156 Excellens
457 3094 488 3150 in
507 3092 657 3151 uirtutibus
677 3102 703 3148 et
717 3093 803 3148 uitiis.
845 3087 890 3146 II.
911 3088 1029 3150 Juveute

158 3173 286 3231 educatio
301 3181 327 3227 et
341 3190 439 3227 meres.
480 3169 543 3228 III.
565 3170 632 3227 Duc
646 3180 741 3226 contro
758 3168 961 3244 Syracusanos.
991 3169 1029 3230 In

158 3253 344 3329 wrpicionem
358 3250 458 3306 civium
471 3268 583 3307 anonim
596 3249 703 3305 incidit.
744 3246 799 3304 IV.
821 3245 940 3305 Domum
952 3269 1027 3307 ravo·

158 3341 241 3395 cutus
250 3326 373 3405 aufugit.
396 3327 1028 3402 Lucedaemoniisinscruit,atqueormacontru

156 3411 282 3485 patriam
307 3408 389 3482 capit.
444 3407 478 3464 V.
513 3405 729 3463 Lecedaemeniis
755 3417 900 3482 suspectus
924 3409 1027 3465 transit
1120 3464 1122 3469 ,

158 3487 198 3552 ad
210 3487 342 3552 Persam
362 3485 581 3543 Atheniensibus
593 3484 795 3543 reconcilietur.
840 3483 892 3541 VI.
914 3483 1028 3559 Insigni

159 3566 261 3632 &sium
271 3564 457 3628 benevolentia
466 3565 607 3640 recipitur.
641 3561 711 3626 VII.
727 3561 763 3618 In
773 3561 907 3619 inuidiam
920 3561 1027 3621 residu.

162 3642 198 3713 {a
215 3642 339 3711 Threcia
354 3661 486 3720 prospere
502 3652 621 3751 pugnet.
675 3638 764 3698 VIII.
789 3638 908 3699 Civibus
924 3637 1032 3702 Attide
