2378 4036
374 224 522 291 v11.1o.
565 226 782 308 (amam.)
987 239 1029 296 as
1063 295 1066 300 ,

125 373 329 449 quinquagena
351 374 460 432 talenta
472 374 624 451 vectigalis
645 375 788 451 capiebat.
830 376 897 443 Qua
920 376 1068 436 fortunat

125 451 296 510 Alcibiades
320 471 379 510 non
403 463 465 509 erat
489 463 651 523 contentus,
675 473 770 529 neque
792 454 923 512 Athenas
937 455 1031 513 rictas

126 529 357 588 Lacedaemoniis
372 531 481 588 servire
502 541 613 606 poterat
628 532 697 608 pati.
739 533 839 608 Itaque
853 534 890 591 ad
909 532 1032 609 patriam

124 608 303 668 liberandam
316 609 394 666 omni
408 609 553 667 ferebatur
566 610 751 686 cogitatione.
789 611 851 669 Sed
863 611 987 682 videbat,
1000 612 1032 671 id
1050 617 1069 670 5

124 687 266 763 sinerege
276 687 431 745 Persarum
438 706 496 745 non
504 707 593 764 posse
601 689 665 746 fieri
673 688 682 747 :'
701 689 823 764 ideoque
833 709 899 747 enm
907 690 1029 748 amicum

124 765 182 824 sibi
196 765 331 841 cupiebat
344 766 480 842 adjungi;
499 785 595 843 neque
610 767 764 838 dubitabat,
778 768 864 826 facile
879 788 912 826 se
927 787 1030 827 conse·

125 854 264 914 cuturum,
272 844 299 901 si
313 845 398 901 modo
407 846 470 921 ejus
480 842 672 902 conveniendi
685 845 835 904 habuisset
847 857 1028 921 potestatem.
1064 906 1067 912 ,

124 923 202 981 Nam
217 921 326 998 Cyrum
339 921 454 980 fratrem
468 923 497 980 ei
509 925 618 981 bellum
631 925 707 981 clam
718 943 831 1000 parare,
845 925 1029 983 Lacedaemo·
1071 928 1072 932 ’

124 1001 180 1060 niis
196 1001 405 1077 adjuvantibus,
419 1002 548 1072 sciebat;
569 1003 600 1059 id
621 1003 647 1059 si
661 1003 834 1078 aperuisset,
846 1023 981 1080 magnam
994 1023 1028 1061 so
1102 1039 1106 1046 -

123 1080 259 1137 initurum
274 1081 393 1155 gratiam
407 1081 531 1138 videbat.

163 1159 202 1215 X.
245 1159 319 1216 Haeo
339 1177 424 1232 quum
437 1159 594 1229 moliretur,
613 1170 781 1234 peteretque
796 1179 814 1217 a
830 1160 1029 1231 Pharnabazo,
1051 1165 1064 1218 l

123 1248 153 1294 ut
166 1237 203 1294 ad
217 1256 317 1312 regem
330 1237 497 1307 mitteretur,
507 1238 611 1294 eodem
621 1249 749 1314 ternpore
762 1239 868 1296 Critias
881 1239 1027 1314 ceterique

123 1315 237 1391 tyranni
252 1315 474 1373 Atheniensium
488 1327 584 1373 certos
599 1316 731 1375 homines
746 1317 782 1374 ad
803 1317 984 1394 Lysandrum
997 1317 1028 1376 in

124 1393 225 1452 Asiam
238 1395 387 1464 miserunt,
401 1395 450 1468 qui
464 1414 530 1452 eum
551 1395 703 1452 certiorem
717 1395 855 1466 facerent,
869 1396 928 1453 nisi
948 1396 1027 1454 Alci-

123 1473 238 1530 biadem
251 1473 426 1544 sustulisset,
439 1473 515 1531 nihil
537 1492 635 1531 earum
648 1493 742 1532 rerum
766 1475 827 1532 sore
841 1486 941 1545 ratum,
955 1493 1026 1550 quas

124 1552 186 1628 ipse
204 1551 329 1609 Athonis
344 1552 551 1610 constituisset.
594 1552 701 1623 Quare,
716 1553 742 1610 si
767 1573 834 1611 suas
855 1573 903 1612 res
927 1564 1026 1629 gestas

124 1649 239 1688 manere
260 1631 358 1700 vellet,
378 1631 459 1688 illum
482 1642 711 1706 persequeretur.
754 1633 811 1690 His
835 1633 916 1690 Laco
940 1633 1026 1689 rebus
1046 1636 1065 1688 2

124 1720 282 1766 commotus
296 1710 394 1766 statuit
408 1710 571 1767 accuratius
586 1711 642 1767 sibi
656 1710 798 1786 agendum
812 1730 877 1768 curn
898 1711 1026 1768 Pharna·

123 1789 204 1845 bazo.
226 1787 306 1846 Huic
321 1789 549 1864 ergorennntiat,
563 1808 625 1862 quae
639 1790 703 1864 regi
718 1808 783 1845 cum
797 1788 1026 1846 Lacedamoniis

123 1877 231 1936 essent,
246 1867 325 1924 irrita
338 1866 439 1937 lutura,
449 1867 505 1924 nisi
521 1867 703 1924 Alcibiadem
716 1867 814 1924 vivum
827 1877 875 1922 aut
887 1876 1027 1923 mortuum

122 1946 298 2003 tradidisset.
340 1946 408 2003 Non
428 1947 492 2003 tulit
505 1946 565 2003 hoc*
576 1955 717 2021 satrapes,
732 1955 761 2001 et
774 1945 884 2002 violare
899 1945 1026 2002 clemen·
1046 1949 1064 2001 3

122 2025 198 2094 tiam,
227 2043 312 2098 quam
338 2025 416 2100 regis
445 2043 516 2101 opes
543 2025 634 2082 minui
661 2025 769 2081 maluit.
821 2024 921 2098 Itaque
947 2023 1026 2081 misit

123 2102 322 2161 Susamithren
337 2114 367 2161 ct
386 2104 523 2180 Bagaeum
536 2103 573 2160 ad
586 2103 768 2160 Alcibiadem
788 2102 1025 2173 interficiendum,

121 2201 207 2259 quum
218 2181 268 2239 ille
278 2179 357 2239 esset
369 2183 400 2240 in
414 2182 553 2259 Phrygia,
561 2182 670 2256 iterque
680 2182 717 2239 ad
730 2201 829 2259 regem
838 2192 1023 2259 compararet.

122 2261 209 2320 Missi
224 2256 301 2323 cl'am
313 2260 463 2331 vicinitati,
487 2261 518 2318 in
531 2279 588 2336 qua
610 2271 669 2318 tum
683 2261 851 2319 Alcibiades
874 2271 943 2332 erat,
957 2261 1025 2319 dant
1045 2266 1062 2318 4

121 2339 277 2416 negotium,
290 2349 322 2397 ut
345 2359 411 2397 eum
432 2339 614 2397 interficiant.
655 2340 704 2398 Illi
727 2359 813 2415 quum
835 2339 925 2418 [eum]
948 2339 1024 2398 ferro

122 2417 242 2495 aggredi
263 2436 322 2475 non
344 2418 490 2488 auderent,
518 2428 605 2475 noctu
631 2417 711 2494 ligna
739 2419 920 2476 contulerunt
946 2418 1026 2476 circa

122 2516 221 2554 casam
242 2511 317 2566 eam,
338 2496 438 2572 inqua
460 2497 638 2573 quiescebat,
653 2516 772 2572 eamque
793 2497 1022 2555 succenderunt:

122 2585 151 2633 ut
164 2575 303 2633 incendio
318 2576 503 2645 conficerent,
511 2593 597 2650 quem
609 2594 696 2632 manu
709 2576 841 2651 superari
854 2595 942 2652 posse
951 2575 1024 2634 diffi-

122 2654 236 2712 debant.
278 2654 332 2712 Ille
347 2665 443 2712 autem
455 2664 486 2711 ut
499 2653 594 2711 sonitu
606 2654 726 2711 flamme
745 2665 790 2712 est
804 2654 954 2726 excitatus,
969 2655 1025 2713 etsi
1045 2659 1063 2712 5

122 2733 235 2808 gladius
251 2732 356 2790 eierat
376 2732 543 2802 subductus,
559 2731 709 2790 familiaris
724 2733 770 2791 sui
783 2734 915 2795 subalare
935 2734 1029 2797 telum

123 2811 237 2888 eripuit.
278 2811 411 2886 Namque
427 2822 488 2868 erat
501 2830 567 2869 cum
581 2829 617 2869 eo
637 2811 752 2886 quidam
766 2831 804 2872 ex
817 2812 943 2872 Arcadia
956 2811 1024 2868 hos·

123 2908 185 2964 pes,
205 2889 255 2964 qui
275 2908 427 2964 numquam
447 2890 599 2948 discedere
613 2891 751 2948 voluerat.
792 2890 880 2951 Hunc
894 2887 976 2963 sequi
989 2905 1023 2950 se

123 2968 208 3042 jubet,
223 2977 253 3025 et
272 2967 312 3038 id,
323 2968 398 3042 quod
418 2967 449 3025 in
461 2969 614 3044 praesentia
627 2969 862 3026 vestimentorum
880 2966 941 3035 suit,
956 2967 1024 3023 arri·

124 3046 191 3120 puit.
221 3046 280 3104 His
294 3046 325 3103 in
338 3047 436 3122 ignem
450 3047 562 3123 ejectis,
573 3047 692 3104 flammae
705 3047 767 3103 vim
778 3044 900 3102 transiit.
928 3045 1024 3111 Quem
1044 3047 1061 3104 d

124 3136 152 3182 ut
172 3124 287 3182 barbari
310 3124 475 3182 incendium
497 3125 636 3201 effugisse
658 3124 798 3193 viderunt,
820 3121 897 3181 telis¹
912 3123 1024 3183 eminus

123 3202 222 3260 missis
236 3201 452 3273 interfecerunt,
466 3215 606 3279 caputque
622 3203 685 3279 ejus
699 3201 736 3259 ad
750 3199 967 3262 Pharnabazum
979 3222 1024 3262 re·

123 3281 256 3339 tulerunt.
308 3283 347 3338 At
368 3281 481 3352 mulier,
504 3301 567 3358 quae
592 3299 658 3338 cum
684 3297 720 3338 eo
743 3280 841 3338 virere
862 3293 1024 3353 consuerat,

123 3359 254 3416 muliebri
268 3378 322 3416 sua
335 3365 416 3416 ve'ste
431 3370 594 3417 contectum
608 3358 723 3416 edificii
736 3359 871 3417 incendio
884 3360 1023 3420 mortuum

124 3436 270 3506 cremavit,
278 3436 355 3511 quod
365 3437 402 3494 ad
415 3438 511 3494 vivum
520 3437 740 3507 interimendum
753 3447 814 3494 erat
822 3449 1024 3514 comparatum.
1092 3487 1093 3490 ,

126 3513 174 3572 Sic
189 3514 370 3584 Alcibiades,
381 3533 471 3582 annos
486 3515 602 3572 circiter
614 3515 800 3590 quadraginta
812 3526 906 3585 natus,
946 3553 984 3594 sot

127 3590 200 3653 diem
212 3593 285 3652 obiit
298 3611 472 3669 supremum.
921 3601 1012 3642 aa»
