2378 4036
156 261 202 323 28
398 254 456 321 IV.
496 263 523 334 l,
540 264 570 322 2.
606 257 825 337 (Pausanias.)

311 559 392 637 IV.
452 561 892 642 PAUSANIAS.

443 891 755 952 ARGUMENTUM.

159 1048 255 1109 cAP.
270 1049 297 1108 I
312 1048 420 1128 Pugno
433 1051 472 1108 cd
484 1049 621 1108 Pluteos.
657 1049 701 1109 ΙΙ.
723 1049 898 1128 Byzantium
908 1060 1059 1130 expugnat,

194 1128 287 1188 Xcrm
289 1129 383 1208 fovet
397 1129 510 1187 Grucm
516 1128 639 1208 futurus
644 1129 780 1207 proditor
814 1127 877 1186 ΙΙΙ.
892 1128 1060 1208 Pcrcgmnis

195 1209 351 1267 moribus
340 1228 399 1284 ipsc
423 1229 452 1266 sc
475 1208 580 1286 prodit,
605 1208 764 1286 scytclcquc
788 1208 896 1266 domm
916 1220 1060 1269 revocatus

195 1287 316 1345 Helorus
337 1287 478 1345 sollicitet.
521 1286 577 1345 IV.
603 1287 776 1346 Litterarum
794 1289 981 1346 commercium
1001 1309 1060 1346 cum

195 1367 289 1433 ltoste;
314 1367 496 1444 perturbatus
516 1387 545 1424 so
564 1368 623 1444 ipse
642 1366 756 1424 iudicat.
811 1366 847 1423 V.
870 1364 907 1423 Iu
927 1366 1059 1425 Miucruc

195 1444 323 1520 templum
337 1443 471 1522 confugit,
485 1446 526 1502 ihi
539 1446 692 1503 obstruitur
705 1455 731 1502 ct
743 1465 805 1502 mou
816 1447 921 1503 interit.

119 1608 131 1664 l
197 1601 221 1659 Ι.
258 1601 429 1672 Pausanias,
455 1600 703 1674 Lacedaemonius,
730 1621 851 1678 magnus
883 1601 980 1674 homo,
1007 1603 1059 1662 sed

124 1746 126 1751 y
156 1680 251 1738 varius
273 1681 402 1738 inomni
423 1700 531 1757 genere
552 1691 620 1738 vitae
644 1681 705 1738 suit.
755 1681 832 1738 Nam
846 1691 882 1738 ut
908 1647 1059 1740 virtitibus

116 1768 133 1820 2
155 1760 254 1830 eluxit,
269 1760 312 1818 sic
328 1759 407 1818 vitiis
427 1771 472 1818 est
492 1762 618 1818 obrutus
660 1760 755 1837 Hujus
775 1760 1002 1819 illustrissimum
1016 1771 1060 1818 est

178 1899 214 1938 m
273 1841 405 1917 proelium
419 1840 495 1916 apud
509 1841 643 1898 Platoeas.
681 1839 814 1930 Namque
828 1838 878 1896 illo
893 1839 968 1897 duce
982 1840 1060 1897 Mar·

169 1947 223 1987 (125
273 1919 386 1990 donius,
402 1930 538 2010 satrapes
561 1919 669 1995 regius,
695 1917 811 1974 natione
839 1918 956 1988 Medus,
981 1919 1059 1995 regis

151 1998 235 2087 εξῐιξιῃΙ
274 2016 372 2072 gener,
400 1999 431 2054 in
453 1997 553 2088 primis
581 1997 707 2055 omnium
735 1997 890 2054 Persarum
917 2007 948 2053 et
972 2016 1059 2055 ιιιιιιιιι

273 2075 354 2131 fortis
381 2085 410 2132 ct
428 2075 545 2133 consilii
567 2076 681 2152 plenus,
703 2094 768 2132 cum
789 2075 922 2132 ducentis
943 2075 1059 2133 milibus

153 2153 290 2230 peditum,
304 2171 376 2242 quos
390 2153 497 2210 viritim
516 2155 636 2231 legerat,
651 2165 680 2211 et
692 2153 796 2231 viginti
820 2153 961 2232 [milibus]
980 2154 1059 2230 equi·

153 2244 221 2301 tum,
235 2230 340 2288 haud
332 2242 373 2288 ita
392 2251 497 2311 magna
515 2252 602 2291 manu
624 2233 745 2291 Graeciae
760 2232 873 2322 fugatus
894 2242 950 2303 est,
967 2251 1061 2308 eoque

115 2312 161 2369 3·
154 2330 219 2387 ipsc
241 2309 299 2368 dux
321 2310 429 2368 cecidit
448 2302 560 2388 proelio
602 2313 669 2379 Qua
681 2311 804 2369 victoria
824 2312 916 2368 elatus
932 2312 1059 2402 plurimi

155 2390 279 2447 miscere
296 2389 391 2466 coepit,
405 2400 435 2448 et
447 2391 556 2468 majora
570 2390 789 2468 concupiscere
822 2389 883 2448 Sed
896 2390 1020 2466 primum
1029 2389 1059 2448 in

155 2487 190 2526 eo
213 2479 258 2526 est
277 2468 482 2546 reprehensus,
501 2469 577 2546 quod
599 2489 637 2528 ex
658 2470 755 2546 praeda
775 2469 917 2559 tripedem
941 2487 1059 2527 aureum

156 2546 279 2637 Delphis
293 2549 449 2624 posuisset,
464 2549 668 2626 epigrammate
680 2547 797 2624 scripto,
809 2548 840 2604 in
853 2565 909 2623 quo
923 2558 985 2605 erat
995 2547 1057 2606 haec

154 2625 314 2685 sententie:
331 2646 384 2684 suo
393 2627 480 2686 ductu
490 2630 626 2686 barbaros
635 2627 711 2704 apud
722 2628 845 2686 Platoeas
857 2645 924 2684 esse
936 2627 1058 2697 deletos,

114 2707 273 2784 lejusqne
297 2705 425 2763 victoria
447 2725 516 2783 ergo
540 2707 670 2782 Apollini
694 2706 800 2763 donum
822 2704 951 2763 dedisse.
993 2668 1058 2763 Hei

153 2804 255 2843 versus
272 2784 485 2844 Lacedaemonii
496 2786 726 2876 exsculpserunt,
736 2803 831 2860 neque
843 2782 922 2841 aliud
932 2783 1059 2861 scripse·

153 2875 226 2936 runt,
248 2881 333 2940 quam
355 2864 473 2922 nomina
500 2883 599 2922 earum
626 2864 782 2935 civitatum,
803 2881 922 2939 quarum
950 2862 1058 2921 auxilio

154 2945 252 3002 Persae
267 2954 348 3002 erant
360 2942 441 3002 victi.

116 3028 125 3080 l
192 3024 233 3082 Il
256 3024 328 3082 Post
341 3023 371 3081 id
384 3024 516 3100 proelium
537 3021 670 3080 eumdem
691 3021 866 3079 Pausaniam
880 3039 947 3079 cum
960 3020 1058 3078 classe

150 3127 226 3214 romu
272 3121 415 3160 commum
407 3103 559 3179 Cyprum
573 3111 656 3175 atque
672 3100 896 3176 Hellespontum
907 3099 1058 3170 miserunt,

211 3186 302 3235 ιιἰιι
315 3199 353 3236 cx
366 3180 413 3236 his
427 3181 594 3257 regionibus
614 3180 797 3236 barbarorum
808 3177 945 3253 praesidia
958 3177 1058 3254 depel-

114 3262 130 3313 2
150 3175 235 3313 ¹ieret.
277 3256 346 3313 Pari
360 3258 533 3316 felicitate
524 3278 556 3316 ιιι
576 3278 613 3316 ea
633 3277 665 3316 re
685 3275 756 3314 usus
779 3256 883 3313 elatius
905 3273 939 3312 se
954 3273 1057 3331 gerere

153 3334 248 3410 erepit,
263 3335 443 3410 majoresque
465 3348 601 3411 appetere
615 3356 673 3394 res.
714 3335 792 3393 Nam
805 3353 900 3409 quum,
915 3333 1057 3409 Byzantio

153 3421 325 3504 expugnatu,
340 3413 470 3487 cepisset
480 3416 646 3504 complures
666 3415 821 3473 Persarum
833 3412 957 3481 nobiles,
972 3423 1057 3501 atque

153 3492 183 3550 in
196 3491 243 3549 his
256 3491 411 3548 nonnullos
425 3492 503 3580 regis
517 3493 702 3568 propinquos,
711 3491 765 3549 hos
780 3493 856 3549 clam
871 3455 963 3547 Xerxi
972 3490 1057 3547 remi-

152 3571 199 3642 sit,
214 3569 363 3639 simulans,
378 3588 416 3626 ex
429 3569 553 3628 vinculis
568 3571 692 3646 publicis
707 3569 864 3659 effugisse3
886 3579 913 3626 et
930 3588 996 3626 cum
1009 3567 1056 3626 his

153 3649 319 3728 Gongylum
341 3647 550 3718 Eretriensem,
572 3649 621 3723 qui
642 3649 752 3706 litteras
777 3648 839 3724 regi
861 3646 1033 3716 ιοιιικιιιιι,Ι
1025 3665 1054 3704 ιι
