2378 4036
168 264 227 324 104
280 258 388 323 XXV.
436 266 483 323 13.
530 256 582 342 (Τ.
598 256 795 340 Pomponius
810 258 960 340 Atticas.)

164 411 248 471 llator
261 410 315 469 init
330 410 400 487 (non
414 421 458 470 est
472 412 550 468 enim
559 408 728 488 celandum)
743 409 784 466 M.
802 411 955 480 Antonius,
970 412 1065 467 trium·

164 489 212 546 rir
225 489 394 564 reipublicae
405 487 628 547 constituendae:
650 488 737 563 cujus
750 488 845 564 gratia
857 491 949 563 quum
964 507 1067 566 augere

163 568 355 644 possessiones
379 577 473 644 posset
493 572 571 637 suas,
586 576 703 641 Q
714 565 806 623 absuit
820 583 838 622 a
852 567 1008 643 cupiditate
1023 568 1069 643 pe.

19 673 127 697 ν-
163 646 266 716 cunise,
283 654 315 704 ut
336 645 418 703 nulla
441 647 473 703 in
492 664 524 702 re
538 664 611 703 usus
631 647 668 702 sit
690 663 734 714 ea,
750 645 806 702 nisi
828 645 858 701 in
883 644 1071 722 deprecandis

17 1202 89 1375 l»

125 727 143 782 8
166 711 326 782 amicorum
347 733 399 782 aut
422 716 860 802 periculiffifff‘incommodis.
902 723 988 789 Quod
1028 727 1068 799 ui.

163 802 228 860 dem
242 804 296 860 sub
311 804 373 878 ipsa
391 803 596 880 proscriptione
611 800 855 879 perillustre-filit,
890 744 1071 879 Narnqurm

163 879 339 952 manser,
354 882 459 958 equitis
473 881 606 950 Romani,
622 881 824 956 aequalis·''sul;
835 881 885 956 qui
907 883 1071 957 complures

163 978 262 1030 annos,
291 959 384 1018 studio
411 959 521 1018 ductus
542 959 735 1036 philosophiae,
761 959 885 1016 Athenis
912 960 1069 1029 habitabat,

163 1038 344 1115 habebatque
370 1041 400 1096 in
423 1038 508 1096 ltalia
530 1039 668 1115 pretiosas
696 1038 896 1114 possessiones,
925 1040 1071 1096 triumviri

164 1116 237 1175 bona
250 1117 443 1176 vendidissent
467 1117 674 1175 consuetudine
695 1135 740 1186 ea,
756 1134 815 1192 qua
838 1125 900 1173 turn
922 1137 969 1174 res
989 1137 1071 1193 gere·

162 1195 281 1254 bantur:
314 1197 404 1254 Attici
430 1196 528 1254 labore
551 1205 637 1271 atque
665 1194 805 1251 industria
830 1193 1072 1268 &Qum-wi

162 1273 261 1332 eodem
286 1275 386 1332 nuntio
408 1274 546 1332 Saufeius
569 1274 651 1332 fieret
675 1274 787 1342 certior,
814 1292 845 1329 se
866 1275 1070 1349 patrimonium

123 1353 293 1411 «remisisse
320 1361 349 1411 et
374 1338 704 1430 recuperassefldem'
721 1351 759 1410 L.
787 1351 900 1408 Iulium
925 1353 1068 1423 Calidum,

161 1449 248 1506 quern
263 1440 323 1508 post
345 1431 478 1491 Lucretii
498 1430 664 1507 Catullique
679 1440 799 1488 mortem
813 1431 904 1488 rnulto
917 1432 1069 1508 elegantis

162 1509 266 1567 siurum
282 1517 393 1586 poetam
407 1521 534 1569 nostram
549 1510 649 1568 tulisse
664 1515 781 1567 aetatem'
791 1527 860 1566 rere
874 1510 974 1567 videor
988 1530 1070 1586 posse

142 1618 144 1623 ·
162 1589 343 1657 contendere,
358 1608 451 1665 neque
473 1591 569 1647 minus
583 1588 679 1646 virum
703 1589 809 1646 bonurn
832 1589 1002 1664 optimisque
1026 1591 1070 1646 ar-

162 1666 239 1726 tibus
265 1666 419 1737 eruditum,
448 1679 512 1745 post
538 1667 773 1744 proscriptionem
801 1667 931 1741 equitum
957 1679 1071 1744 propter

117 1792 125 1811 ,
162 1763 285 1825 magnas
310 1747 375 1824 ejus
398 1746 554 1806 Africanas
577 1747 769 1823 possessiones
791 1746 820 1802 in
846 1747 1070 1822 proscriptorum

162 1842 316 1884 numerum
340 1845 358 1884 a
385 1826 417 1884 P.
444 1826 609 1896 Volumnio,
633 1823 768 1901 praeiecto
797 1823 911 1882 fabrum
940 1826 1069 1895 Antonii,

123 1904 141 1958 5
163 1903 311 1964 absentem
325 1905 458 1975 relatum,
473 1904 627 1982 expedivit.
678 1903 763 1969 Quod
778 1903 808 1960 in
823 1904 957 1979 prasenti
972 1913 1070 1960 utrum

162 1982 190 2039 ei
204 1983 376 2041 laboriosius
390 2003 426 2041 an
441 1984 593 2060 gloriosius
608 1981 702 2052 fuerit,
718 1981 836 2039 difficile
851 1980 905 2038 fuit
916 1981 1069 2056 judicare:

161 2061 237 2135 quod
252 2062 282 2118 in
296 2081 396 2119 eorum
411 2062 558 2137 periculis,
571 2080 627 2118 non
641 2080 728 2119 secus
743 2061 883 2129 absentes,
898 2079 985 2135 quam
998 2079 1070 2136 prae-

161 2147 257 2196 sentes
270 2141 379 2197 amicos
393 2140 492 2197 Attico
507 2159 569 2197 esse
583 2158 672 2207 curae,
687 2141 834 2215 cognitum
848 2148 901 2195 est.

125 2219 140 2274 1
203 2214 283 2274 XIII.
306 2217 413 2293 Neque
427 2236 496 2275 vero
509 2218 605 2274 minus
626 2219 676 2274 ille
691 2218 737 2274 vir
755 2218 848 2275 honus
861 2217 1071 2293 paterfamilias

162 2294 277 2352 habitus
291 2305 343 2366 est,
363 2313 451 2371 quarn
472 2296 554 2353 civis.
597 2296 677 2354 Nam
691 2313 782 2372 quum
796 2298 872 2352 esset
886 2298 1068 2371 pecuniosus,

161 2391 245 2430 nemo
266 2372 317 2430 illo
336 2376 433 2431 minus
458 2373 512 2432 fuit
536 2380 630 2444 emax,
646 2375 741 2431 minus
755 2373 920 2431 aedificator.
963 2375 1070 2450 Neque

160 2459 257 2509 tamen
272 2470 328 2509 non
342 2453 372 2509 in
387 2454 487 2529 primis
501 2453 572 2510 bene
587 2453 735 2523 habitavit,
750 2452 941 2528 omnibusque
955 2453 1070 2529 optimis

123 2532 141 2585 2
162 2528 250 2587 rebus
264 2548 335 2587 usus
349 2541 417 2588 ests
444 2531 655 2590 Nam‘domum
669 2531 769 2589 habuit
789 2531 818 2587 in
833 2531 907 2588 colle
922 2531 1069 2596 Quirinali

162 2606 398 2686 Tamphilanam,
414 2610 451 2666 ab
466 2610 612 2668 avunculo
633 2609 791 2667 hereditate
812 2609 961 2667 relictam:
983 2610 1070 2686 cujus

162 2687 316 2745 amoenitas
329 2706 385 2745 non
399 2688 529 2759 edificio,
543 2688 593 2746 sed
607 2689 682 2746 silva
693 2688 852 2746 constabat.
883 2687 981 2765 Ipsum
992 2690 1069 2746 enim

162 2774 279 2836 tectum,
294 2767 452 2843 antiquitus
465 2768 658 2836 constitutum,
670 2767 735 2842 plus
749 2767 829 2835 salis,
839 2785 928 2842 quarn
936 2778 1069 2844 sumptus

162 2845 303 2904 habebatz
324 2847 354 2903 in
368 2865 426 2922 quo
440 2845 511 2904 nihil
526 2846 723 2916 commutarit,
738 2846 794 2902 nisi
808 2846 833 2902 si
846 2845 915 2921 quid
928 2855 1069 2904 vetustate

123 2924 141 2977 3
162 2935 281 2982 coactu
295 2934 348 2983 est.
390 2924 469 2984 Usus
483 2934 526 2982 est
551 2923 672 2995 familia,
686 2925 711 2981 si
734 2924 856 2982 utilitate
878 2924 1069 3000 judicandum

161 3013 213 3074 est,
234 3005 362 3081 optima;
383 3005 408 3061 si
432 3003 531 3072 forma,
557 3003 606 3060 vix
630 3003 778 3060 mediocri.
820 3001 957 3078 Namque
979 3004 1008 3058 in
1034 3021 1070 3059 ea

161 3092 245 3140 erant
269 3084 353 3159 pueri
366 3082 574 3152 litteratissimi,
589 3090 754 3158 anagnostae
777 3080 884 3156 optimi,
900 3090 928 3138 at
952 3081 1069 3156 plurimi

20 3206 26 3219 .
71 3194 119 3254 *k
161 3158 282 3231 librarii,
298 3171 330 3218 ut
350 3181 386 3219 ne
409 3161 583 3240 pedisequus
606 3159 724 3236 quidem
745 3160 899 3241 quisquam
913 3159 1069 3294 wigii

92 3258 95 3266 ¹
161 3241 217 3294 noir
232 3248 388 3313 utrumque
402 3240 506 3298 horum
520 3239 641 3316 pulchre
656 3237 754 3296 iacere
768 3238 882 3314 posset3
905 3237 967 3313 pari
987 3256 1014 3293 rn
1052 3257 1069 3294 0

162 3313 288 3372 artifices
302 3317 401 3386 ceteri,
423 3337 495 3393 quos
508 3318 605 3376 cultus
619 3312 959 3384 domesticuffiasiderat,
975 3315 1070 3392 appri-

122 3395 212 3450 dme'
229 3392 305 3450 boni.
347 3393 453 3468 Neque
478 3405 575 3453 tamen
596 3395 698 3452 horum
711 3413 898 3471 quemquam,
912 3395 969 3452 uisi
992 3394 1070 3452 dorni

94 3506 97 3511 ·
160 3479 261 3530 natum
281 3470 415 3546 domique
436 3471 555 3542 facturn,
575 3473 692 3531 habuit:
712 3472 789 3550 quod
809 3482 853 3530 est
877 3475 993 3552 signum
1014 3490 1070 3530 non

161 3549 255 3609 solum
269 3549 458 3619 contiuentiae,
473 3549 523 3607 sed
545 3551 632 3608 etiem
655 3551 822 3628 diligentiae.
864 3551 944 3609 Nam
965 3562 994 3611 et
1014 3569 1070 3608 nou

158 3628 386 3707 intemperanter
411 3628 628 3704 concupiscere,
656 3628 731 3705 quod
760 3647 778 3686 a
805 3629 938 3704 plurimis
960 3629 1070 3700 videas,
