2378 4036
166 250 210 312 Sd
369 245 459 311 XXI.
502 255 532 322 2,
548 251 578 310 3.
625 244 688 328 (De
703 243 866 328 Regibus.)
905 232 912 322 ¹,

127 404 142 458 l
204 397 242 458 ΙΙ.
264 397 311 456 Ex
327 398 520 457 Macedonum
536 409 633 457 autem
653 417 761 476 genere
776 397 834 456 duo
854 397 945 456 multo
958 407 1071 459 ceteros

164 487 381 535 antecesserunt
391 495 489 535 rerum
500 487 648 554 gestarum
656 477 763 553 gloria:
785 475 945 554 Philippus,
956 477 1069 554 Amyn-

164 564 201 613 tae
213 555 301 625 filius,
316 565 345 613 et
360 555 528 614 Alexander
542 555 678 632 Magnus.
708 555 821 613 Horum
832 555 906 613 alter
919 555 1069 631 Babylone

164 633 263 691 morbo
290 643 459 692 consumtus
486 644 548 706 est3
582 633 732 710 Philippus
757 633 841 709 AEgis
869 652 886 691 a
913 633 1068 705 Pausania,

124 711 707 868 2illl{digitilllltlttllll
715 712 1068 866 ,iiiluffiiuieilss

163 869 214 926 vit.
256 867 284 926 Is
304 887 396 944 quum
410 869 507 947 Argos
527 869 662 946 oppidum
676 878 854 945 oppugnaret
879 869 908 924 in
931 868 1067 945 Pelopon.

163 964 241 1017 naso,
265 946 360 1022 lapide
375 948 451 1006 ictus
472 949 589 1005 interiit.
634 947 719 1005 Unus
733 947 800 1004 item
815 946 942 1018 Siculus,
958 946 1068 1024 Diony·

162 1025 224 1082 sius
234 1026 320 1102 prior.
351 1025 442 1084 ‹Nam
453 1035 481 1084 et
495 1045 583 1084 manu
598 1025 686 1095 fortis,
702 1035 730 1082 et
745 1025 813 1082 belli
829 1026 938 1100 peritus
952 1025 1014 1097 suit,
1030 1037 1069 1098 et,

58 1103 64 1114 '
163 1103 190 1160 id
205 1103 280 1179 quod
294 1105 324 1160 in
345 1113 469 1180 tyranno
482 1123 539 1162 uon
560 1103 646 1162 facile
668 1104 818 1180 reperitur,
833 1104 951 1161 minime
975 1105 1067 1162 libidi-

162 1200 258 1251 nosus,
273 1201 330 1239 non
354 1184 532 1252 luxuriosus,
547 1201 603 1241 non
625 1201 740 1250 avarus,
756 1181 867 1238 nullius
887 1181 1011 1258 denique
1026 1185 1068 1241 rei

160 1260 294 1336 cupidus,
309 1261 365 1318 nisi
385 1262 542 1338 singularis
556 1261 743 1338 perpetuique
758 1260 880 1335 imperii,
895 1261 931 1317 ob
945 1280 1067 1337 eamque

163 1356 225 1394 rem
248 1339 385 1397 crudelis.
427 1340 506 1397 Nam
530 1340 599 1397 dum
623 1339 651 1396 id
676 1339 787 1396 studuit
810 1339 934 1408 munire,
957 1339 1067 1398 nullius
1137 1357 1168 1412 q

123 1420 142 1475 3
163 1416 290 1492 pepercit
312 1419 386 1487 vitae,
411 1436 498 1500 quem
523 1419 587 1494 ejus
616 1417 811 1474 insidiatorem
833 1426 956 1495 paueret
974 1408 1067 1476 *Hic
1096 1401 1135 1482 ἦ
1158 1431 1164 1450 ’

162 1513 254 1570 quum
266 1495 371 1553 virtute
385 1497 568 1572 tyrannidem
583 1497 637 1553 sibi
652 1496 817 1572 peperisset,
828 1513 935 1572 magna
949 1497 1067 1554 retinuit

163 1571 309 1643 felicitate,
325 1573 474 1651 majorque
489 1594 579 1633 annos
601 1575 753 1650 sexaginta
774 1583 860 1630 natus
880 1573 1005 1640 decessit
1018 1576 1066 1632 flo-

163 1660 243 1709 rente
265 1670 363 1728 regno.
404 1653 510 1730 Neque
531 1655 562 1710 in
583 1662 642 1710 tam
667 1652 765 1709 multis
788 1652 872 1708 aunis
892 1653 1066 1729 cujusquam
1159 1696 1161 1701 <

162 1748 199 1786 ex
212 1748 267 1788 sua
280 1732 366 1808 stirpe
386 1730 475 1790 funus
490 1733 568 1802 vidit,
584 1750 674 1808 quum
688 1749 725 1788 ex
739 1730 831 1788 tribus
845 1731 983 1789 uxoribus
997 1732 1065 1790 libe·

163 1827 209 1866 ros
223 1820 411 1886 procreasset,
427 1811 569 1888 multique
584 1811 611 1869 ei
625 1810 685 1867 nati
700 1819 796 1866 essent
810 1818 937 1884 nepotes.

125 1893 139 1946 l
201 1885 254 1946 Ill.
277 1887 411 1947 Fuerunt
425 1899 565 1967 praeterea
576 1889 660 1946 multi
674 1906 758 1965 reges
773 1905 808 1944 ex
819 1887 920 1944 amicis
936 1888 1065 1945 Alexan·

161 1965 206 2023 dri
231 1965 341 2042 Magni,
356 1969 406 2043 qui
431 1977 492 2045 post
516 1970 624 2026 obitum
635 1967 708 2043 vejus
722 1966 843 2042 imperia
856 1976 1014 2043 ceperuntt
1035 1967 1066 2024 iu

162 2045 207 2101 his
221 2045 396 2122 Antigonus,
412 2057 441 2104 et
461 2047 549 2122 hujus
570 2047 648 2103 filius
669 2044 845 2113 Demetrius,
860 2043 1064 2119 Lysimachus,

123 2129 141 2180 2
162 2122 315 2191 Seleucus,
340 2122 520 2183 Ptolemaeus.
571 2123 618 2181 Ex
642 2124 687 2181 his
713 2124 878 2198 Antigonus
899 2123 930 2178 in
954 2124 1065 2199 proelio,

161 2218 253 2276 quum
276 2199 417 2259 adversus
438 2203 596 2260 Seleucum
617 2201 887 2278 Lysimachumque
906 2201 1065 2271 dimicaret,

161 2279 275 2336 occisus
300 2288 352 2336 est.
395 2279 461 2338 Pari
486 2281 542 2339 leto
556 2280 679 2339 affectus
692 2290 735 2338 est
759 2277 956 2354 Lysimachus
976 2299 994 2337 a
1016 2279 1065 2338 Se·

161 2357 255 2414 leuco.
298 2358 386 2428 Nam,
401 2359 536 2418 societate
561 2359 707 2428 dissoluta,
723 2358 832 2415 bellum
854 2358 930 2416 inter
949 2377 981 2416 se
1002 2377 1064 2436 ges

122 2440 141 2493 3
161 2445 270 2494 serunt.
312 2437 354 2495 At
374 2435 549 2508 Demetrius,
564 2456 655 2515 quum
676 2438 766 2495 filiam
787 2454 871 2493 suam
892 2435 1017 2494 Seleuco
1035 2438 1066 2494 iu

161 2514 375 2574 matrimonium
397 2515 528 2587 dedisset,
550 2535 644 2594 neque
667 2536 701 2574 eo
723 2516 817 2592 magis
838 2514 896 2572 fida
920 2515 993 2572 inter
1018 2535 1066 2574 eoa

162 2592 291 2651 amicitia
304 2612 422 2652 manere
437 2596 583 2672 potuisset,
605 2605 707 2672 captus
727 2593 811 2662 bello,
834 2593 864 2649 in
879 2593 1009 2651 custodia
1022 2613 1065 2651 so·

123 2674 141 2728 t
161 2673 333 2748 congeneri
354 2673 439 2749 periit
459 2675 598 2732 amorbo.
641 2673 746 2749 Neque
770 2672 811 2730 ita
825 2671 917 2745 multo
931 2681 993 2747 post
1014 2671 1065 2729 Se·

160 2749 264 2808 leucus
278 2770 296 2809 a
309 2751 611 2814 PtolemaeoCerauno
625 2750 689 2809 dolo
711 2749 880 2808 interfectus
893 2758 955 2822 est3
971 2751 1066 2826 'quern

160 2827 211 2887 ille
225 2847 243 2887 a
263 2839 343 2909 patre
358 2829 513 2906 expulsum
528 2829 725 2900 Alexandrea,
740 2828 903 2887 alienarum
916 2847 1004 2905 opum
1024 2828 1066 2886 in-

161 2906 315 2986 digentem,
341 2917 500 2986 receperat.
556 2907 620 2984 lpse
645 2917 742 2966 autem
766 2906 946 2976 Ptolemaeus,
975 2924 1067 2983 quum

160 2986 245 3045 'rivus
258 2988 319 3048 filio
333 3006 456 3067 regnum
470 2985 640 3057 tmdidisset,
656 2987 692 3044 ab
712 2986 763 3044 illo
776 2983 877 3043 eodem
891 2985 951 3042 vita
972 2987 1066 3062 priva-

122 3065 140 3120 5
161 3073 208 3123 tus
221 3065 338 3126 dicitur.
380 3065 426 3126 De
439 3066 547 3144 quibus
560 3067 696 3144 quoniam
711 3065 781 3122 satis
794 3063 904 3120 dictum
919 3072 1065 3139 putamus,

159 3160 217 3200 non
230 3145 443 3205 incommodum
458 3145 581 3215 videtur,
595 3160 653 3203 non
667 3143 813 3221 praeterire
824 3139 1025 3199 Hamilcarem
1039 3150 1068 3200 et

160 3218 365 3293 Hannibalem,
380 3242 453 3300 quos
466 3233 495 3283 et
516 3224 605 3283 animi
625 3221 832 3300 magnitudine,
855 3229 884 3277 et
907 3219 1066 3280 calliditate

159 3315 259 3356 omnes
272 3301 303 3356 in
317 3300 420 3361 Africa
436 3312 518 3361 naus
531 3303 697 3382 prestitisse
710 3308 833 3359 constat.
