2378 4036
338 1072 364 1149 Ι.
414 1073 863 1151 MILTIADES.

515 1335 688 1348 —u

424 1512 427 1519 ’
441 1509 753 1569 ARGUMENTUM.

128 1670 223 1729 GAP.
237 1669 264 1728 Ι.
286 1669 354 1726 Dux
367 1669 521 1726 colonorum
534 1670 564 1725 in
579 1663 780 1725 Chersonesum
793 1666 922 1724 mittitur.
957 1665 1029 1725 Irri-

164 1749 414 1807 dcturaLcnmiIs.
436 1746 480 1804 ΙΙ.
497 1747 790 1822 Chersonesopotitur.
812 1744 946 1801 Lemnum
955 1755 1029 1821 capu

163 1840 189 1886 et
203 1829 349 1906 Cyclades.
389 1827 451 1886 III.
471 1828 577 1886 Pontis
586 1830 617 1887 in
627 1828 729 1886 Histro
741 1834 835 1884 custos
844 1843 862 1884 u
872 1821 971 1894 Dorou,
982 1823 1030 1902 qui

165 1907 288 1985 Scythas
298 1907 366 1964 hello
375 1907 494 1984 petebat,
504 1909 691 1965 constituitur.
723 1906 784 1965 Dat
795 1906 939 1963 consilium
949 1905 1028 1963 iiber·

163 1986 440 2064 totisrccupercndu.
463 1987 509 2044 Ao
519 1986 640 2046 Hirtino
650 1986 806 2064 impeditur.
836 1984 892 2042 IV.
907 1984 977 2042 Suis
986 1993 1029 2042 cst

163 2077 266 2135 auctor,
280 2076 313 2122 ut
325 2065 485 2142 ingentibus
498 2067 592 2142 copiis,
604 2086 622 2122 a
632 2064 722 2123 Durio
733 2065 771 2122 ud
777 2063 935 2142 puniendos
941 2063 1029 2121 Atto·

162 2146 272 2202 reienses
285 2145 389 2213 missis,
404 2144 510 2201 obuium
524 2155 597 2201 eant.
637 2143 671 2202 V.
692 2146 768 2202 Ante
781 2139 918 2202 sociorum
928 2142 1028 2206 atium

163 2234 220 2280 tum
241 2224 327 2280 vincit
351 2222 481 2280 Darium.
531 2221 583 2280 VI.
605 2221 757 2280 Promium
780 2224 909 2280 victorin.
955 2219 1026 2279 VII.

167 2302 278 2359 Omittit
291 2303 519 2379 oppugnationem
531 2300 615 2359 Pori.
654 2301 814 2361 Dcmnatur
827 2311 853 2359 ct
866 2302 896 2358 in
909 2298 1029 2358 uinculis

163 2383 288 2439 moritur.
333 2379 421 2438 VIII.
448 2379 521 2437 Vero
534 2381 595 2456 ejus
608 2381 795 2438 damnationis
808 2399 904 2437 causo.

163 2539 187 2596 I.
230 2537 389 2608 Miltodes,
413 2537 543 2597 Cimonis
565 2539 652 2608 filius,
675 2537 874 2607 Atheniensis,
890 2553 977 2611 quum
998 2545 1028 2594 et
1050 2539 1063 2593 1

121 2617 291 2692 antiquitate
310 2617 437 2693 generis,
452 2627 482 2675 et
501 2617 592 2693 gloria
609 2618 757 2693 majorum,
772 2625 801 2675 et
815 2635 868 2674 sua
885 2613 1028 2672 modestia

120 2714 197 2754 unus
208 2695 336 2754 omnium
348 2695 473 2754 maxime
486 2696 611 2766 floreret,
622 2714 714 2770 eaque
726 2705 806 2753 esset
817 2704 909 2763 aetate,
919 2703 951 2752 ut
966 2693 1027 2768 jam

120 2792 180 2832 non
204 2774 299 2832 solum
321 2773 359 2832 de
383 2792 420 2831 eo
442 2775 518 2832 bene
543 2793 670 2850 sperare,
691 2773 745 2832 sed
770 2774 856 2832 etiam
880 2771 1026 2830 confidere

122 2852 204 2911 cives
223 2862 345 2928 possent
358 2853 413 2922 sui,
427 2853 515 2910 talem
533 2853 665 2923 futurum,
679 2854 793 2928 qualem
808 2851 907 2927 cogni·
967 2883 1005 2923 515

120 2942 182 2991 tum
198 2930 381 3008 judicarunt:
404 2931 519 3002 accidit,
530 2941 561 2989 ut
572 2931 769 2989 Athenienses
782 2929 908 2990 Chereo-
944 2932 1029 2973 ⁸·⁰·¹¹·

121 3029 227 3069 nesum
252 3010 371 3068 colonos
392 3010 501 3068 vellent
523 3011 646 3069 mittere.
689 3009 780 3085 Cujus
804 3010 920 3084 generis
940 3016 1064 3085 quum‘t

120 3107 246 3166 magnus
273 3106 409 3146 numerus
437 3098 526 3159 esset,
555 3099 584 3146 et
609 3088 691 3147 multi
719 3088 781 3164 ejus
809 3086 1026 3164 demigrationis

120 3177 256 3245 peterent
265 3165 450 3225 societatem:
472 3186 509 3224 ex
518 3167 566 3225 his
577 3167 685 3224 delecti
696 3165 828 3242 Delphos
839 3165 1028 3226 deliberatum

121 3246 206 3310 missi
225 3255 302 3315 sunt,
315 3245 365 3320 qui
383 3246 568 3305 consulerent
581 3245 755 3322 Apollinem,
772 3263 828 3319 quo
846 3247 1028 3321 potissimum
1065 3252 1069 3258 '

122 3325 198 3383 duce
212 3334 370 3382 uterentur.
410 3321 571 3401 Nam[que]
593 3335 653 3381 tum
673 3322 806 3380 Thraces
826 3342 876 3381 eas
890 3324 1027 3400 regiones

122 3404 269 3474 tenebant,
281 3421 348 3460 oum
360 3401 464 3476 quibus
479 3402 566 3459 ermis
581 3412 642 3460 erat
655 3401 857 3458 dimicandum.
890 3403 947 3460 His
959 3420 1027 3460 oon·
1048 3406 1065 3458 3

122 3482 286 3540 aulentibus
295 3480 464 3538 nominatim
478 3479 584 3556 Pythie
597 3479 743 3555 praecepit,
754 3490 784 3536 ut
798 3479 961 3537 Miltiadem
971 3479 1028 3536 sibi

123 3560 327 3635 imperatorem
337 3568 500 3616 sumerent:
523 3558 552 3614 id
563 3557 589 3615 si
600 3557 750 3626 fecissent,
761 3557 877 3631 incepta
891 3575 1030 3635 prospera
