2378 4036
335 220 428 283 Vlll.
455 229 485 284 2.
528 171 786 305 (Thrasybulus.)
992 231 1035 289 87

131 365 299 427 rudimen
341 367 412 436 Sed,
435 367 538 429 nescio
561 385 618 442 quo
639 367 734 437 modo,
757 387 844 442 quum
865 388 932 427 eum
950 376 1076 431 named

129 446 250 505 enteiret
273 443 321 504 his
334 445 494 516 virtutibus,
507 446 588 505 multi
609 446 757 506 nobilitate
781 465 914 522 praecnc¹
944 461 1036 507 erunt.
1095 481 1097 486 ·

130 525 257 583 Primum
282 524 498 598 Peloponnesio
520 525 597 583 bello
611 526 699 583 multa
723 524 772 582 hic
797 525 861 583 sine
883 467 1036 587 ildibiads

130 603 230 680 gessit,
238 603 290 660 ille
304 603 413 662 nullam
422 603 560 683 *remsine
574 603 648 661 hoo:
671 622 733 678 qua
747 603 797 660 ille
811 605 947 663 universa
955 617 1036 665 natu·

129 681 180 739 rali
204 681 330 756 quodam
352 683 428 738 bono
453 681 523 739 fecit
546 683 629 741 lucri.
672 681 733 740 Sed
756 682 807 739 illa
828 694 925 741 tamen
939 684 1073 745 omniai

129 761 291 818 communia
311 759 529 834 imperatoribus
544 779 610 819 cum
622 760 760 818 militibus
775 771 804 818 et
825 761 946 832 fortuna,
959 763 1035 836 quod

127 838 157 896 in
178 837 275 914 proelii
299 856 442 896 concursu
456 839 515 897 abit
536 858 584 897 res
599 858 617 896 a
631 839 755 897 oonsilio
777 839 814 897 ad
827 840 906 898 vires
920 840 1034 917 vimque

127 902 324 992 phgrflium.
365 917 464 991 Itaque
484 918 549 992 jure
563 935 617 975 suo
639 918 778 977 nonnulla
801 919 836 976 ab
860 918 1034 994 imperatore

126 996 221 1065 miles,
245 994 369 1070 plurima
395 1013 465 1052 vero
489 995 601 1053 fortuna
621 995 758 1066 vindieat,
782 1015 872 1071 seque
894 996 943 1054 hic
967 998 1033 1073 plus

126 1074 264 1143 valuisse,
278 1093 363 1148 quem
375 1073 459 1133 ducis
469 1074 658 1149 prudentiam,
672 1093 742 1132 vere
756 1085 852 1150 potest
864 1075 1032 1150 praedicare.

127 1152 224 1218 Quare
249 1153 322 1209 illud
346 1153 663 1228 magnificentissimum
686 1153 794 1211 sactum
816 1152 963 1230 proprium
986 1161 1070 1215 este

126 1231 312 1306 Thrasybuli.
354 1231 432 1288 Nam
444 1250 531 1305 quum
541 1232 657 1307 triginta
668 1231 792 1307 tyranni,
806 1250 915 1308 praepo·
971 1271 1008 1312 rot

126 1309 173 1367 siti
187 1329 205 1368 a
220 1309 460 1379 Lacedaemoniis,
469 1311 606 1368 servitute
615 1329 770 1386 oppressas
781 1319 914 1369 tenerent
939 1330 961 1359 a·
973 1321 998 1361 α
1010 1330 1033 1363 r·

126 1387 266 1457 Athenas,
275 1389 413 1462 plurimos
425 1389 515 1459 cives,
524 1389 626 1463 quibus
640 1389 671 1446 in
684 1389 761 1447 bello
772 1385 902 1464 parserat
911 1389 1032 1461 fortuna,

126 1465 230 1541 partim
243 1467 335 1541 patria
349 1467 538 1542 expulissent,
547 1467 651 1543 partim
663 1467 887 1538 interfecissent,
897 1469 1032 1545 plurimo·

126 1563 187 1606 rum
210 1547 287 1602 bona
309 1545 455 1622 publicata
481 1546 613 1606 interae
638 1547 824 1605 divisissent:
856 1565 915 1604 non
938 1549 1031 1605 solum

125 1623 272 1702 princepe,
286 1627 340 1683 sed
355 1637 384 1683 et
400 1627 487 1704 [jam]
503 1629 582 1685 solus
596 1625 678 1685 initio
691 1625 800 1685 bobum
812 1625 859 1684 his
873 1625 986 1685 indixit

163 1705 204 1763 11.
247 1705 307 1762 Hic
317 1705 396 1763 enim
405 1725 491 1780 quum
501 1706 616 1781 Phylen
625 1706 814 1780 confugisset,
823 1706 898 1780 quod
907 1717 953 1762 est
967 1726 1030 1764 cas-
1053 1711 1064 1763 1

125 1784 224 1841 tellum
237 1784 268 1842 in
283 1784 380 1841 Attica
399 1785 630 1855 munitissimum,
643 1802 702 1841 non
722 1784 788 1858 plus
808 1783 908 1840 habuit
921 1803 1031 1854 secum,

125 1881 208 1936 quam
228 1861 345 1938 triginta
359 1863 395 1920 de
409 1863 481 1921 suis.
523 1864 590 1920 Hoc
604 1863 717 1919 initium
730 1861 783 1919 suit
803 1861 905 1919 salutis
919 1862 1031 1920 Actaeo·

124 1958 193 2010 rum,
206 1940 264 1998 hoc
285 1943 370 1998 robur
392 1942 532 1999 libertatis
556 1941 724 1998 clarissimae
749 1939 883 1997 civitatis.
925 1939 1029 2015 Neque
1049 1945 1068 1998 2

125 2037 193 2077 vero
207 2019 256 2077 hic
271 2037 330 2079 non
343 2031 503 2078 contemtus
518 2031 564 2078 est
576 2021 668 2095 primo
683 2039 700 2077 a
713 2018 853 2095 tyrannis,
867 2028 951 2093 atque
965 2020 1030 2096 ejus

124 2098 258 2156 solitudo.
301 2098 608 2177 pridemmset
622 2097 682 2157 illis
694 2098 942 2157 contemnentibus
964 2116 1029 2175 per·

123 2177 223 2246 nicici,
238 2187 269 2234 et
281 2176 349 2233 huic
364 2177 504 2252 despecto
524 2179 610 2236 saluti
624 2177 685 2234 fuit.
727 2177 800 2236 Herc
815 2177 893 2235 enim
911 2177 979 2236 illos
993 2176 1030 2236 ad

124 2255 356 2330 persequendum
377 2275 494 2332 segnes,
508 2255 563 2315 hos
584 2267 687 2326 autem,
711 2267 839 2332 tempore
854 2255 890 2314 ad
914 2274 1029 2332 compe·

123 2334 243 2393 randum
256 2334 331 2403 dato,
352 2333 422 2393 fecit
436 2334 621 2394 robustiores.
659 2335 728 2402 Quo
742 2335 836 2472 nirffiis
855 2347 1030 2410 praeceptum
1049 2337 1067 2393 3

123 2412 193 2470 illud
207 2411 379 2472 omniumin
387 2412 491 2471 animis
506 2433 573 2473 esse
588 2413 688 2471 debet:
711 2414 755 2471 ‘N
820 2413 851 2471 in
858 2414 936 2471 bello
947 2432 1029 2490 opor·

123 2501 182 2549 tere
192 2492 363 2561 contemni;’
376 2511 432 2550 nec
442 2493 506 2550 sine
516 2492 687 2550 causedici:
710 2493 850 2551 ‘Matrem
857 2492 949 2550 timidi
957 2493 1027 2550 flere

122 2587 179 2629 uon
204 2570 321 2629 solere.'
369 2571 473 2645 Neque
495 2581 592 2629 tamen
615 2589 667 2646 pro
690 2570 826 2646 opinione
851 2571 1029 2647 Thrasybuli
1049 2575 1066 2628 4

123 2659 213 2707 auctae
228 2658 295 2707 sunt
308 2667 390 2724 opes.
431 2649 508 2707 Nam
518 2650 579 2726 jam
591 2660 652 2708 tum
665 2649 724 2709 illis
738 2650 913 2726 temporibus
927 2649 1027 2708 fortius

122 2727 188 2787 boni
202 2746 256 2805 pro
270 2727 403 2787 libertate
420 2728 616 2802 loquebantur,
629 2743 716 2803 quam
733 2730 906 2805 pugnabant.
948 2729 1027 2797 Hine
1048 2733 1066 2784 5

122 2805 152 2863 in
165 2806 311 2864 Piraeum
323 2807 444 2876 transiit,
459 2807 703 2882 Munychiamque
717 2807 846 2867 munivit.
881 2807 968 2872 Hanc
981 2807 1027 2863 bis

122 2885 235 2958 tyranni
249 2902 415 2960 oppugnare
430 2895 496 2942 sunt
510 2886 609 2956 adorti,
624 2888 658 2943 ab
674 2906 765 2960 eaque
785 2886 904 2961 turpiter
918 2883 1028 2959 repulsi

122 2963 251 3037 protinus
265 2964 296 3020 in
310 2964 418 3032 urbem,
433 2964 519 3024 armis
534 2964 803 3040 impedimentisque
818 2961 1027 3031 amissis,1esu·

123 3051 233 3116 gerunt.
276 3041 356 3099 Usus
379 3052 425 3098 est
448 3041 649 3118 Thrasybulus
671 3061 729 3099 non
750 3041 845 3098 minus
867 3040 1026 3115 prudentia,
1047 3044 1065 3099 6

121 3136 205 3193 quam
229 3119 405 3177 fortitudine.
447 3121 524 3179 Nam
538 3121 677 3179 cedentes
691 3120 793 3177 violari
807 3119 914 3188 vetuit;
946 3119 1027 3178 cives

122 3198 198 3255 enim
207 3197 321 3254 civibus
334 3216 455 3272 parcere
465 3217 574 3272 equum
588 3200 737 3256 censebat.
758 3197 862 3272 Neque
877 3199 1027 3274 quisquam

122 3286 165 3332 est
178 3277 355 3345 vulneratus,
369 3275 428 3334 nisi
441 3278 490 3352 qui
502 3279 580 3353 prior
599 3277 767 3357 impugnare
781 3278 880 3335 voluit.
925 3278 1026 3336 Nemi·

121 3371 186 3412 nem
206 3355 356 3431 jacentem
375 3365 458 3415 veste
481 3356 633 3432 spoliavit3
664 3356 706 3413 nil
728 3357 829 3432 attigit,
853 3357 912 3414 nisi
939 3376 1026 3426 arma,

121 3449 239 3506 quorum
262 3432 419 3507 indigebat,
444 3443 473 3490 et
495 3453 557 3508 quae
581 3434 618 3491 ad
630 3435 738 3491 victum
760 3435 949 3510 pertinebant.
990 3435 1064 3495 Iu7
1093 3483 1094 3487 ,

122 3510 249 3569 mundo
263 3511 366 3586 proelio
387 3511 495 3568 cecidit
517 3513 635 3582 Critias,
649 3513 707 3570 dux
726 3523 920 3588 tyrannorum,
958 3531 1027 3583 uum

122 3587 237 3663 quidem
250 3588 431 3647 exadversus
445 3589 659 3665 Thrasybulum
673 3590 828 3648 fortissime
842 3531 1022 3664 pugneis?
