2378 4036
214 224 324 295 XXV.
372 233 420 302 19,
431 232 484 291 20.
529 224 583 309 (Τ.
596 223 1041 310 Pompooaaedttioaa.)10't

31 358 35 366 ’
130 383 262 443 virorum
283 382 457 461 propagines
468 398 624 518 ψ
721 398 833 439 escere.
882 380 967 441 Fecit
989 381 1081 442 boot

128 461 205 522 idem
217 461 376 538 separatim
389 463 421 520 in
435 463 502 521 alus
527 459 615 517 ibris:
637 467 669 517 ut
718 501 726 517 .
741 459 827 518 Bruti
841 470 945 538 rogatu
959 459 1044 520 Juni-

127 558 175 599 am
188 538 331 599 familiam
344 559 363 598 a
372 541 461 619 stirpe
471 537 507 597 ad
521 538 598 597 banc
606 547 721 596 oetatem
734 538 835 597 ordine
846 541 1043 612 enumeravit,

129 628 240 690 notans,
254 619 316 696 qui,
332 636 351 677 a
372 638 430 697 quo
442 628 533 688 onus,
547 635 621 695 quos
639 617 770 687 honores,
784 618 949 695 quibusque
971 628 1043 678 tem.

126 698 244 776 poribus
256 695 392 775 cepisset.
435 699 505 757 Pari
526 696 610 754 modo
624 695 760 754 Marcelli
773 695 899 768 Claudii,
916 697 1043 758 Marcel·
1062 701 1080 757 4

126 777 241 851 lorum3
264 776 409 854 Scipionis
428 775 557 837 Cornelii
577 785 606 834 et
626 775 712 833 Fabii
737 774 868 847 Maximi,
883 777 1042 836 Fabiorum

126 865 155 915 ct
177 855 367 915 AEmiliorum
386 854 519 934 quoque':
540 854 648 931 quibus
671 853 754 913 libris
766 855 839 913 nihil
863 864 954 933 potest
976 874 1043 916 oasa

125 933 243 994 dulcius
256 935 303 1006 iis,
318 936 370 1012 qui
391 935 520 1013 aliquam
534 932 723 1010 cupiditatem
737 934 844 994 babent
858 935 968 994 notitiae
981 934 1041 994 cla·

128 1032 226 1094 rqrum
251 1015 391 1073 virorum.
434 1014 543 1091 Attigit
565 1031 682 1089 quoque
704 1014 854 1090 poeticen:
884 1014 1080 1085 credimus,b

126 1111 163 1151 ne
176 1091 242 1169 ejus
254 1111 360 1170 expers
373 1102 450 1152 esset
469 1091 631 1151 suavitatis.
673 1091 813 1168 Namque
827 1093 969 1163 versibus,
989 1094 1042 1171 qui

126 1171 232 1230 bonore
247 1190 405 1249 rerumque
419 1182 568 1250 gestarum
581 1170 771 1247 amplitudine
786 1181 899 1230 eeteros
916 1171 1041 1231 Romani

126 1249 223 1328 populi
236 1251 441 1328 praestiterunt,
451 1251 584 1328 exposuit
596 1251 647 1329 itq,
662 1259 700 1329 qt
706 1250 761 1308 sub
772 1251 954 1328 singulorum
967 1251 1039 1308 ima·
1060 1255 1083 1309 θ’

125 1329 242 1405 ginibus
266 1328 345 1388 iacta
365 1331 611 1410 magistratusque
624 1347 727 1387 eorum
750 1348 808 1388 non
822 1331 947 1408 amplius
967 1348 1039 1408 qua·
1078 1359 1153 1377 -·--

125 1408 213 1466 tbmie
232 1409 368 1486 quinisve
381 1410 514 1468 versibus
534 1408 736 1487 dewipserit:
757 1409 833 1486 quod
847 1412 897 1469 vix
919 1409 1038 1469 creden·

126 1485 195 1544 dum
208 1487 255 1558 sit,
269 1497 365 1546 tantas
379 1506 426 1548 res
439 1498 500 1547 tam
514 1488 641 1546 breviter
654 1489 780 1565 potuisse
794 1488 949 1548 declarari.
983 1488 1039 1548 Est

126 1565 213 1624 etiam
233 1585 311 1625 unus
331 1567 414 1638 liber,
430 1567 536 1628 Graece
555 1566 715 1637 confectus,
730 1567 766 1625 de
780 1569 934 1628 consulatu
954 1568 1039 1627 Cice-

126 1661 214 1705 ronrs.

165 1722 247 1783 XIX.
270 1722 424 1784 Hactenus
439 1725 537 1784 Attico
551 1725 618 1783 vivo
631 1723 709 1782 edita
723 1723 815 1801 [baec]
833 1724 946 1783 anobis
959 1735 1037 1784 sunt.
1060 1731 1075 1784 1

17 1852 19 1856 .
125 1800 225 1874 Nunc,
247 1805 385 1880 quoniam
408 1804 523 1864 fortuna
544 1823 598 1862 nos
619 1804 788 1879 superstites
801 1804 829 1861 ei
851 1822 915 1861 esse
937 1803 1037 1875 voluit,
1089 1844 1092 1849 -

23 1888 26 1899 '
103 1895 105 1900 ’
125 1881 237 1960 reliqua
259 1900 476 1961 persequemur,
501 1892 539 1954 et,
560 1890 703 1960 quantum
724 1883 912 1959 potuerimus,
939 1900 1038 1941 rerum

125 1961 264 2039 exemplis
277 1961 400 2021 lectores
413 1963 590 2033 docebimus,
604 1961 681 2020 sicut
694 1979 783 2037 supra
796 1961 1036 2038 significavimus,

124 2057 192 2098 suos
220 2041 328 2118 cuique
356 2060 452 2100 mores
485 2042 659 2119 plerumque
686 2040 845 2098 conciliare
879 2039 1035 2099 iomanem.

125 2117 261 2196 Namque
280 2120 329 2180 bic
349 2130 503 2180 contentus
521 2120 622 2179 ordine
640 2121 778 2197 equestri,
792 2137 850 2194 quo
863 2129 927 2180 erat
946 2129 1035 2192 onus,
1057 2125 1076 2179 2

124 2196 155 2254 in
168 2197 337 2258 affinitatem
351 2201 483 2276 pervenit
496 2199 677 2277 imperatoris
690 2198 760 2258 Divi
773 2199 845 2258 filii:
866 2218 958 2277 quum
973 2198 1036 2276 jam

125 2284 191 2335 ante
204 2275 431 2338 familiaritatem
445 2279 511 2356 ejus
524 2287 601 2338 esset
624 2288 800 2339 consecutus
823 2279 907 2338 nulla
921 2280 980 2338 alia
993 2298 1035 2351 re,

124 2371 213 2431 quam
225 2356 372 2434 elegantia
385 2358 461 2429 vita,
475 2376 536 2434 qua
548 2367 661 2416 ceteros
673 2368 792 2436 ceperat
805 2360 951 2436 principes
964 2360 1035 2418 civi·

124 2434 198 2504 tatis,
221 2434 363 2514 dignitate
387 2437 460 2514 pari,
486 2436 602 2496 fortuna
624 2436 790 2497 humiliore.
837 2437 940 2532 Q
956 2439 1075 2497 enimi

142 2515 297 2591 roaperitas
310 2514 456 2574 cesarem
469 2524 515 2575 est
533 2526 747 2588 consecutam
768 2517 840 2576 nihil
865 2537 893 2575 er
915 2536 972 2577 non
986 2519 1035 2576 tri·

17 2605 90 2621 ἢ
141 2669 148 2684 υ
199 2592 220 2666 't
233 2590 357 2666 fortuna,
371 2592 600 2689 quod'cuiquam
614 2604 682 2655 ante
695 2591 883 2690 detuleritqet
897 2580 1045 2690 conos*

114 2671 262 2810 abitu
278 2690 377 2811 int
390 2671 1075 2834 llitnnitfidptdituttnl

124 2827 214 2887 filiam
228 2829 396 2890 collocarat.
431 2831 519 2892 Hanc
533 2833 642 2905 Caesar,
656 2835 707 2892 vix
721 2833 899 2902 anniculam,
944 2833 1036 2891 iberia

122 2905 246 2968 Claudio
259 2908 381 2982 Neroni,
395 2909 530 2972 Drusilla
545 2922 621 2984 nato,
645 2914 779 2991 privigno
791 2931 854 2980 suo,
868 2909 1034 2987 despondit:

122 3003 189 3062 quar
201 2988 368 3065 conjunctio
381 2991 626 3050 necessitudinem
640 3011 743 3051 eorum
763 2989 869 3059 sanxit,
884 2987 1033 3046 familiari·

121 3073 209 3123 tatem
220 3062 347 3127 'reddidit
360 3067 595 3148 frequentiorem.

162 3143 229 3203 XX.
251 3145 397 3212 Quamvis
416 3160 483 3208 ante
503 3150 567 3208 baec
587 3148 732 3226 sponsalia
753 3164 811 3205 non
825 3144 928 3216 solum,
942 3162 1034 3224 quum
1056 3152 1070 3206 1

122 3222 158 3279 ab
172 3224 245 3282 urbe
260 3225 383 3298 abesset,
397 3246 558 3305 numquam
572 3227 608 3284 ad
629 3244 749 3284 suorum
762 3242 938 3302 quemquam
959 3225 1033 3286 litta-

121 3318 169 3358 ras
183 3303 269 3375 misit,
292 3307 365 3381 quin
390 3308 490 3366 Attico
511 3307 646 3376 mitteret,
660 3304 729 3381 quid
751 3314 859 3382 ageret,
881 3305 1032 3385 imprimis,

121 3380 191 3455 quid
204 3381 325 3460 legeret,
339 3386 504 3464 quibusque
517 3385 547 3442 in
562 3384 643 3461 locis,
657 3393 687 3442 et
711 3402 799 3461 quam
820 3383 870 3444 diu
884 3397 960 3446 esset
973 3405 1032 3445 mo·

121 3468 255 3519 ratunu:
276 3463 328 3522 sed
347 3465 446 3536 etiam,
460 3483 552 3544 quum
563 3472 639 3521 esset
652 3463 682 3521 in
697 3464 778 3534 urbe,
793 3473 822 3522 et
835 3474 951 3543 propter
962 3483 1034 3522 suae
1052 3468 1072 3529 ἢ
1106 3520 1118 3538 ,

121 3536 249 3598 infinitas
269 3544 474 3620 occupationes
494 3543 591 3600 minue
607 3561 692 3622 eope,
707 3562 796 3621 quam
809 3544 909 3613 vellet,
933 3541 1033 3600 Attico

122 3611 276 3691 frueretur,
301 3621 403 3680 nullus
423 3623 485 3680 dies
506 3631 615 3680 temere
640 3623 811 3692 intercessit,
835 3640 894 3698 quo
913 3637 970 3703 noq
994 3618 1031 3706 qd
