<?xml version="1.0" encoding="UTF-8"?>
<!DOCTYPE html PUBLIC "-//W3C//DTD XHTML 1.0 Transitional//EN"
    "http://www.w3.org/TR/xhtml1/DTD/xhtml1-transitional.dtd">
<html xmlns="http://www.w3.org/1999/xhtml" xml:lang="en" lang="en">
 <head>
  <title>
</title>
<meta http-equiv="Content-Type" content="text/html;charset=utf-8" />
  <meta name='ocr-system' content='tesseract 3.04.00' />
  <meta name='ocr-capabilities' content='ocr_page ocr_carea ocr_par ocr_line ocrx_word'/>
</head>
<body>
  <div class='ocr_page' id='page_1' title='image "./corneliusneposw06nepogoog_0069.png"; bbox 0 0 2378 4036; ppageno 0'>
   <div class='ocr_carea' id='block_1_1' title="bbox 155 232 868 320">
    <p class='ocr_par' dir='ltr' id='par_1_1' title="bbox 155 232 868 320">
     <span class='ocr_line' id='line_1_1' title="bbox 155 232 868 320; baseline -0.004 -19"><span class='ocrx_word' id='word_1_1' title='bbox 155 236 199 301; x_wconf 63' lang='lat' dir='ltr'>Q</span> <span class='ocrx_word' id='word_1_2' title='bbox 347 233 421 303; x_wconf 77' lang='lat' dir='ltr'>XV.</span> <span class='ocrx_word' id='word_1_3' title='bbox 466 241 495 310; x_wconf 75' lang='lat'>5,</span> <span class='ocrx_word' id='word_1_4' title='bbox 510 242 540 300; x_wconf 83' lang='lat' dir='ltr'>a.</span> <span class='ocrx_word' id='word_1_5' title='bbox 587 232 868 320; x_wconf 63' lang='lat' dir='ltr'>(Epaminondae.)</span> 
     </span>
    </p>
   </div>
   <div class='ocr_carea' id='block_1_2' title="bbox 20 388 1060 917">
    <p class='ocr_par' dir='ltr' id='par_1_2' title="bbox 154 388 1060 466">
     <span class='ocr_line' id='line_1_2' title="bbox 154 388 1060 466; baseline -0.001 -20"><span class='ocrx_word' id='word_1_6' title='bbox 154 404 229 459; x_wconf 86' lang='lat' dir='ltr'>mus,</span> <span class='ocrx_word' id='word_1_7' title='bbox 245 406 370 466; x_wconf 88' lang='lat' dir='ltr'>quorum</span> <span class='ocrx_word' id='word_1_8' title='bbox 390 390 545 466; x_wconf 86' lang='lat' dir='ltr'>separatim</span> <span class='ocrx_word' id='word_1_9' title='bbox 564 388 662 447; x_wconf 90' lang='lat' dir='ltr'>multis</span> <span class='ocrx_word' id='word_1_10' title='bbox 682 388 811 447; x_wconf 87' lang='lat' dir='ltr'>millibus</span> <span class='ocrx_word' id='word_1_11' title='bbox 824 405 964 448; x_wconf 83' lang='lat' dir='ltr'>versuum</span> <span class='ocrx_word' id='word_1_12' title='bbox 984 403 1060 452; x_wconf 84' lang='lat' dir='ltr'>corn.</span> 
     </span>
    </p>

    <p class='ocr_par' dir='ltr' id='par_1_3' title="bbox 20 465 1060 917">
     <span class='ocr_line' id='line_1_3' title="bbox 154 465 773 544; baseline -0.002 -20"><span class='ocrx_word' id='word_1_13' title='bbox 154 465 253 544; x_wconf 91' lang='lat' dir='ltr'>plures</span> <span class='ocrx_word' id='word_1_14' title='bbox 266 467 420 544; x_wconf 77' lang='lat' dir='ltr'>scriptores</span> <span class='ocrx_word' id='word_1_15' title='bbox 435 477 501 526; x_wconf 88' lang='lat' dir='ltr'>ante</span> <span class='ocrx_word' id='word_1_16' title='bbox 514 484 567 525; x_wconf 90' lang='lat' dir='ltr'>nos</span> <span class='ocrx_word' id='word_1_17' title='bbox 580 468 773 544; x_wconf 82' lang='lat' dir='ltr'>explicarunt.</span> 
     </span>
     <span class='ocr_line' id='line_1_4' title="bbox 117 544 1059 623; baseline 0.004 -19"><span class='ocrx_word' id='word_1_18' title='bbox 117 550 132 604; x_wconf 95' lang='lat' dir='ltr'>l</span> <span class='ocrx_word' id='word_1_19' title='bbox 194 544 233 602; x_wconf 90' lang='lat' dir='ltr'>V.</span> <span class='ocrx_word' id='word_1_20' title='bbox 256 545 326 604; x_wconf 80' lang='lat' dir='ltr'>Fuit</span> <span class='ocrx_word' id='word_1_21' title='bbox 339 546 426 604; x_wconf 90' lang='lat' dir='ltr'>etiem</span> <span class='ocrx_word' id='word_1_22' title='bbox 440 545 572 616; x_wconf 88' lang='lat' dir='ltr'>disertus,</span> <span class='ocrx_word' id='word_1_23' title='bbox 587 555 619 604; x_wconf 90' lang='lat' dir='ltr'>ut</span> <span class='ocrx_word' id='word_1_24' title='bbox 632 564 717 604; x_wconf 91' lang='lat' dir='ltr'>nemo</span> <span class='ocrx_word' id='word_1_25' title='bbox 730 545 758 603; x_wconf 91' lang='lat' dir='ltr'>ei</span> <span class='ocrx_word' id='word_1_26' title='bbox 772 544 932 604; x_wconf 81' lang='lat' dir='ltr'><strong>Thebanus</strong></span> <span class='ocrx_word' id='word_1_27' title='bbox 949 565 1003 623; x_wconf 88' lang='lat' dir='ltr'>par</span> <span class='ocrx_word' id='word_1_28' title='bbox 1016 567 1059 608; x_wconf 86' lang='lat' dir='ltr'>as·</span> 
     </span>
     <span class='ocr_line' id='line_1_5' title="bbox 113 623 1059 700; baseline 0.01 -24"><span class='ocrx_word' id='word_1_29' title='bbox 113 632 124 676; x_wconf 79' lang='lat' dir='ltr'>l</span> <span class='ocrx_word' id='word_1_30' title='bbox 153 632 198 682; x_wconf 87' lang='lat' dir='ltr'>set</span> <span class='ocrx_word' id='word_1_31' title='bbox 210 623 392 700; x_wconf 79' lang='lat' dir='ltr'>eloquentia:</span> <span class='ocrx_word' id='word_1_32' title='bbox 412 643 508 700; x_wconf 87' lang='lat' dir='ltr'>neque</span> <span class='ocrx_word' id='word_1_33' title='bbox 528 626 625 682; x_wconf 92' lang='lat' dir='ltr'>minus</span> <span class='ocrx_word' id='word_1_34' title='bbox 638 625 798 683; x_wconf 90' lang='lat' dir='ltr'>concinnus</span> <span class='ocrx_word' id='word_1_35' title='bbox 816 625 847 680; x_wconf 92' lang='lat' dir='ltr'>in</span> <span class='ocrx_word' id='word_1_36' title='bbox 860 625 1001 685; x_wconf 81' lang='lat' dir='ltr'>brevitate</span> <span class='ocrx_word' id='word_1_37' title='bbox 1016 645 1059 685; x_wconf 83' lang='lat' dir='ltr'>re-</span> 
     </span>
     <span class='ocr_line' id='line_1_6' title="bbox 20 685 1060 797; baseline 0.008 -39"><span class='ocrx_word' id='word_1_38' title='bbox 20 685 112 797; x_wconf 59' lang='lat' dir='ltr'>ij</span> <span class='ocrx_word' id='word_1_39' title='bbox 154 702 318 778; x_wconf 84' lang='lat' dir='ltr'>spondendi,</span> <span class='ocrx_word' id='word_1_40' title='bbox 333 721 422 778; x_wconf 90' lang='lat' dir='ltr'>quam</span> <span class='ocrx_word' id='word_1_41' title='bbox 442 703 472 760; x_wconf 92' lang='lat' dir='ltr'>in</span> <span class='ocrx_word' id='word_1_42' title='bbox 486 713 625 780; x_wconf 88' lang='lat' dir='ltr'>perpetua</span> <span class='ocrx_word' id='word_1_43' title='bbox 638 703 765 761; x_wconf 85' lang='lat' dir='ltr'>oratione</span> <span class='ocrx_word' id='word_1_44' title='bbox 779 711 907 761; x_wconf 86' lang='lat' dir='ltr'>ornatus.</span> <span class='ocrx_word' id='word_1_45' title='bbox 949 703 1060 766; x_wconf 81' lang='lat' dir='ltr'>Habuit</span> 
     </span>
     <span class='ocr_line' id='line_1_7' title="bbox 20 780 1059 917; baseline 0.003 -79"><span class='ocrx_word' id='word_1_46' title='bbox 20 800 123 917; x_wconf 29' lang='lat' dir='ltr'>pha}</span> <span class='ocrx_word' id='word_1_47' title='bbox 154 780 372 839; x_wconf 84' lang='lat' dir='ltr'>obtrectatorem</span> <span class='ocrx_word' id='word_1_48' title='bbox 393 780 587 839; x_wconf 89' lang='lat' dir='ltr'>Meneclidam</span> <span class='ocrx_word' id='word_1_49' title='bbox 606 781 770 858; x_wconf 86' lang='lat' dir='ltr'>quemdem,</span> <span class='ocrx_word' id='word_1_50' title='bbox 792 780 918 839; x_wconf 91' lang='lat' dir='ltr'>indidem</span> <span class='ocrx_word' id='word_1_51' title='bbox 939 782 1059 855; x_wconf 81' lang='lat' dir='ltr'>Thebis,</span> 
     </span>
    </p>
   </div>
   <div class='ocr_carea' id='block_1_3' title="bbox 20 859 1124 3691">
    <p class='ocr_par' dir='ltr' id='par_1_4' title="bbox 20 859 1059 1254">
     <span class='ocr_line' id='line_1_8' title="bbox 154 859 1059 936; baseline 0.003 -19"><span class='ocrx_word' id='word_1_52' title='bbox 154 867 183 917; x_wconf 89' lang='lat' dir='ltr'>et</span> <span class='ocrx_word' id='word_1_53' title='bbox 196 859 394 918; x_wconf 89' lang='lat' dir='ltr'>adversarium</span> <span class='ocrx_word' id='word_1_54' title='bbox 407 861 437 917; x_wconf 92' lang='lat' dir='ltr'>in</span> <span class='ocrx_word' id='word_1_55' title='bbox 452 859 676 918; x_wconf 89' lang='lat' dir='ltr'>administranda</span> <span class='ocrx_word' id='word_1_56' title='bbox 690 860 847 936; x_wconf 81' lang='lat' dir='ltr'>republica,</span> <span class='ocrx_word' id='word_1_57' title='bbox 867 862 937 918; x_wconf 89' lang='lat' dir='ltr'>satis</span> <span class='ocrx_word' id='word_1_58' title='bbox 951 864 1059 920; x_wconf 89' lang='lat' dir='ltr'>exerci-</span> 
     </span>
     <span class='ocr_line' id='line_1_9' title="bbox 20 912 1059 1025; baseline 0.004 -30"><span class='ocrx_word' id='word_1_59' title='bbox 20 912 246 1025; x_wconf 57' lang='lat' dir='ltr'>plssltih&#39;tatum</span> <span class='ocrx_word' id='word_1_60' title='bbox 264 939 294 996; x_wconf 92' lang='lat' dir='ltr'>in</span> <span class='ocrx_word' id='word_1_61' title='bbox 308 938 436 1009; x_wconf 87' lang='lat' dir='ltr'>dicendo,</span> <span class='ocrx_word' id='word_1_62' title='bbox 443 939 814 1013; x_wconf 60' lang='lat' dir='ltr'>utThehflnllmaclllffli·</span> <span class='ocrx_word' id='word_1_63' title='bbox 856 939 994 1015; x_wconf 90' lang='lat' dir='ltr'>Namque</span> <span class='ocrx_word' id='word_1_64' title='bbox 1015 941 1059 999; x_wconf 92' lang='lat' dir='ltr'>illi</span> 
     </span>
     <span class='ocr_line' id='line_1_10' title="bbox 115 1005 1059 1095; baseline 0.005 -23"><span class='ocrx_word' id='word_1_65' title='bbox 115 1019 133 1072; x_wconf 77' lang='lat'>³</span> <span class='ocrx_word' id='word_1_66' title='bbox 153 1018 233 1094; x_wconf 84' lang='lat' dir='ltr'>genti</span> <span class='ocrx_word' id='word_1_67' title='bbox 254 1018 320 1094; x_wconf 92' lang='lat' dir='ltr'>plus</span> <span class='ocrx_word' id='word_1_68' title='bbox 335 1019 410 1076; x_wconf 89' lang='lat' dir='ltr'>inest</span> <span class='ocrx_word' id='word_1_69' title='bbox 424 1005 540 1088; x_wconf 66' lang='lat' dir='ltr'>viffim,</span> <span class='ocrx_word' id='word_1_70' title='bbox 561 1036 649 1093; x_wconf 90' lang='lat' dir='ltr'>qnam</span> <span class='ocrx_word' id='word_1_71' title='bbox 664 1018 783 1094; x_wconf 88' lang='lat' dir='ltr'>ingenii.</span> <span class='ocrx_word' id='word_1_72' title='bbox 825 1016 862 1088; x_wconf 91' lang='lat' dir='ltr'>ls,</span> <span class='ocrx_word' id='word_1_73' title='bbox 877 1019 954 1095; x_wconf 91' lang='lat' dir='ltr'>quod</span> <span class='ocrx_word' id='word_1_74' title='bbox 974 1020 1005 1076; x_wconf 92' lang='lat' dir='ltr'>in</span> <span class='ocrx_word' id='word_1_75' title='bbox 1027 1038 1059 1078; x_wconf 92' lang='lat' dir='ltr'>re</span> 
     </span>
     <span class='ocr_line' id='line_1_11' title="bbox 153 1096 1059 1173; baseline 0.004 -20"><span class='ocrx_word' id='word_1_76' title='bbox 153 1097 272 1154; x_wconf 90' lang='lat' dir='ltr'>militari</span> <span class='ocrx_word' id='word_1_77' title='bbox 297 1097 399 1155; x_wconf 88' lang='lat' dir='ltr'>florere</span> <span class='ocrx_word' id='word_1_78' title='bbox 419 1096 650 1173; x_wconf 84' lang='lat' dir='ltr'>Epaminondam</span> <span class='ocrx_word' id='word_1_79' title='bbox 668 1097 792 1166; x_wconf 85' lang='lat' dir='ltr'>videbat,</span> <span class='ocrx_word' id='word_1_80' title='bbox 818 1097 926 1154; x_wconf 86' lang='lat' dir='ltr'>hortari</span> <span class='ocrx_word' id='word_1_81' title='bbox 950 1098 1059 1157; x_wconf 83' lang='lat' dir='ltr'>solebat</span> 
     </span>
     <span class='ocr_line' id='line_1_12' title="bbox 154 1173 1058 1254; baseline 0.003 -22"><span class='ocrx_word' id='word_1_82' title='bbox 154 1173 316 1246; x_wconf 84' lang='lat' dir='ltr'>Thebanos,</span> <span class='ocrx_word' id='word_1_83' title='bbox 332 1185 364 1234; x_wconf 91' lang='lat' dir='ltr'>nt</span> <span class='ocrx_word' id='word_1_84' title='bbox 385 1194 486 1252; x_wconf 90' lang='lat' dir='ltr'>pacem</span> <span class='ocrx_word' id='word_1_85' title='bbox 501 1175 577 1233; x_wconf 88' lang='lat' dir='ltr'>bello</span> <span class='ocrx_word' id='word_1_86' title='bbox 593 1173 777 1245; x_wconf 85' lang='lat' dir='ltr'>anteferrent,</span> <span class='ocrx_word' id='word_1_87' title='bbox 791 1188 828 1234; x_wconf 78' lang='lat' dir='ltr'>n&#39;e</span> <span class='ocrx_word' id='word_1_88' title='bbox 842 1175 922 1234; x_wconf 92' lang='lat' dir='ltr'>illius</span> <span class='ocrx_word' id='word_1_89' title='bbox 936 1178 1058 1254; x_wconf 89' lang='lat' dir='ltr'>impera-</span> 
     </span>
    </p>

    <p class='ocr_par' dir='ltr' id='par_1_5' title="bbox 153 1252 1057 1331">
     <span class='ocr_line' id='line_1_13' title="bbox 153 1252 1057 1331; baseline 0.003 -19"><span class='ocrx_word' id='word_1_90' title='bbox 153 1255 223 1312; x_wconf 87' lang='lat' dir='ltr'>toris</span> <span class='ocrx_word' id='word_1_91' title='bbox 232 1273 320 1331; x_wconf 90' lang='lat' dir='ltr'>opera</span> <span class='ocrx_word' id='word_1_92' title='bbox 333 1255 556 1313; x_wconf 88' lang='lat' dir='ltr'>desideraretur.</span> <span class='ocrx_word' id='word_1_93' title='bbox 598 1253 679 1312; x_wconf 92' lang='lat' dir='ltr'>Huic</span> <span class='ocrx_word' id='word_1_94' title='bbox 690 1254 749 1324; x_wconf 92' lang='lat' dir='ltr'>ille,</span> <span class='ocrx_word' id='word_1_95' title='bbox 764 1252 865 1324; x_wconf 84' lang='lat' dir='ltr'>Follis,</span> <span class='ocrx_word' id='word_1_96' title='bbox 881 1255 982 1331; x_wconf 89' lang='lat' dir='ltr'>inquit,</span> <span class='ocrx_word' id='word_1_97' title='bbox 996 1275 1057 1315; x_wconf 86' lang='lat' dir='ltr'>ocr-</span> 
     </span>
    </p>

    <p class='ocr_par' dir='ltr' id='par_1_6' title="bbox 77 1333 1058 1409">
     <span class='ocr_line' id='line_1_14' title="bbox 77 1333 1058 1409; baseline 0.004 -19"><span class='ocrx_word' id='word_1_98' title='bbox 77 1336 78 1343; x_wconf 76' lang='grc'>’</span> <span class='ocrx_word' id='word_1_99' title='bbox 154 1333 186 1390; x_wconf 82' lang='lat' dir='ltr'>bo</span> <span class='ocrx_word' id='word_1_100' title='bbox 207 1335 281 1392; x_wconf 81' lang='lat' dir='ltr'>cives</span> <span class='ocrx_word' id='word_1_101' title='bbox 296 1345 366 1404; x_wconf 82' lang='lat' dir='ltr'>tuos,</span> <span class='ocrx_word' id='word_1_102' title='bbox 385 1335 458 1409; x_wconf 83' lang='lat' dir='ltr'>quod</span> <span class='ocrx_word' id='word_1_103' title='bbox 472 1335 521 1392; x_wconf 83' lang='lat' dir='ltr'>hoa</span> <span class='ocrx_word' id='word_1_104' title='bbox 539 1353 558 1390; x_wconf 86' lang='lat' dir='ltr'>a</span> <span class='ocrx_word' id='word_1_105' title='bbox 573 1334 642 1392; x_wconf 83' lang='lat' dir='ltr'>ballo</span> <span class='ocrx_word' id='word_1_106' title='bbox 655 1352 777 1391; x_wconf 83' lang='lat' dir='ltr'>avocas:</span> <span class='ocrx_word' id='word_1_107' title='bbox 798 1337 848 1391; x_wconf 83' lang='lat' dir='ltr'>otii</span> <span class='ocrx_word' id='word_1_108' title='bbox 868 1337 939 1392; x_wconf 80' lang='lat' dir='ltr'>enim</span> <span class='ocrx_word' id='word_1_109' title='bbox 952 1339 1058 1394; x_wconf 80' lang='lat' dir='ltr'>nomine</span> 
     </span>
    </p>

    <p class='ocr_par' dir='ltr' id='par_1_7' title="bbox 114 1409 1059 1648">
     <span class='ocr_line' id='line_1_15' title="bbox 114 1409 1058 1490; baseline 0.001 -21"><span class='ocrx_word' id='word_1_110' title='bbox 114 1414 133 1468; x_wconf 79' lang='lat'>4</span> <span class='ocrx_word' id='word_1_111' title='bbox 152 1414 309 1470; x_wconf 75' lang='lat' dir='ltr'>servitutem</span> <span class='ocrx_word' id='word_1_112' title='bbox 331 1414 473 1471; x_wconf 71' lang='lat' dir='ltr'>caeciliae.</span> <span class='ocrx_word' id='word_1_113' title='bbox 522 1409 599 1470; x_wconf 86' lang='lat' dir='ltr'>Nom</span> <span class='ocrx_word' id='word_1_114' title='bbox 618 1413 732 1488; x_wconf 79' lang='lat' dir='ltr'>paritur</span> <span class='ocrx_word' id='word_1_115' title='bbox 750 1431 808 1486; x_wconf 77' lang='lat' dir='ltr'>pas</span> <span class='ocrx_word' id='word_1_116' title='bbox 831 1413 911 1471; x_wconf 81' lang='lat' dir='ltr'>ballo.</span> <span class='ocrx_word' id='word_1_117' title='bbox 962 1413 1058 1490; x_wconf 80' lang='lat' dir='ltr'>Itaque</span> 
     </span>
     <span class='ocr_line' id='line_1_16' title="bbox 152 1489 1056 1568; baseline 0.002 -20"><span class='ocrx_word' id='word_1_118' title='bbox 152 1493 201 1566; x_wconf 84' lang='lat' dir='ltr'>qai</span> <span class='ocrx_word' id='word_1_119' title='bbox 222 1509 255 1549; x_wconf 88' lang='lat' dir='ltr'>co</span> <span class='ocrx_word' id='word_1_120' title='bbox 277 1492 501 1550; x_wconf 66' lang='lat' dir='ltr'>distinendam</span> <span class='ocrx_word' id='word_1_121' title='bbox 508 1489 588 1568; x_wconf 82' lang='lat' dir='ltr'>frui,</span> <span class='ocrx_word' id='word_1_122' title='bbox 614 1491 683 1550; x_wconf 76' lang='lat' dir='ltr'>ballo</span> <span class='ocrx_word' id='word_1_123' title='bbox 704 1494 847 1550; x_wconf 69' lang='lat' dir='ltr'>meanti</span> <span class='ocrx_word' id='word_1_124' title='bbox 868 1510 928 1551; x_wconf 79' lang='lat' dir='ltr'>csse</span> <span class='ocrx_word' id='word_1_125' title='bbox 950 1492 1056 1552; x_wconf 69' lang='lat' dir='ltr'>dedam.</span> 
     </span>
     <span class='ocr_line' id='line_1_17' title="bbox 156 1567 1059 1648; baseline 0.001 -19"><span class='ocrx_word' id='word_1_126' title='bbox 156 1567 252 1643; x_wconf 79' lang='lat' dir='ltr'>Quare</span> <span class='ocrx_word' id='word_1_127' title='bbox 272 1572 300 1628; x_wconf 80' lang='lat' dir='ltr'>ei</span> <span class='ocrx_word' id='word_1_128' title='bbox 314 1572 457 1648; x_wconf 80' lang='lat' dir='ltr'>principes</span> <span class='ocrx_word' id='word_1_129' title='bbox 479 1569 594 1629; x_wconf 61' lang='lat' dir='ltr'>&amp;aaa</span> <span class='ocrx_word' id='word_1_130' title='bbox 612 1588 672 1629; x_wconf 81' lang='lat' dir='ltr'>csse</span> <span class='ocrx_word' id='word_1_131' title='bbox 690 1569 783 1639; x_wconf 67' lang='lat' dir='ltr'>valea,</span> <span class='ocrx_word' id='word_1_132' title='bbox 799 1573 900 1628; x_wconf 70' lang='lat' dir='ltr'>cornio</span> <span class='ocrx_word' id='word_1_133' title='bbox 920 1581 961 1630; x_wconf 82' lang='lat' dir='ltr'>cst</span> <span class='ocrx_word' id='word_1_134' title='bbox 982 1571 1059 1630; x_wconf 79' lang='lat' dir='ltr'>vodis</span> 
     </span>
    </p>

    <p class='ocr_par' dir='ltr' id='par_1_8' title="bbox 113 1648 1057 1806">
     <span class='ocr_line' id='line_1_18' title="bbox 113 1648 1056 1728; baseline 0.007 -26"><span class='ocrx_word' id='word_1_135' title='bbox 113 1649 291 1720; x_wconf 73' lang='lat' dir='ltr'>halendum,</span> <span class='ocrx_word' id='word_1_136' title='bbox 316 1668 373 1710; x_wconf 78' lang='lat' dir='ltr'>noo</span> <span class='ocrx_word' id='word_1_137' title='bbox 395 1650 539 1725; x_wconf 69' lang='lat' dir='ltr'>palestra.</span> <span class='ocrx_word' id='word_1_138' title='bbox 582 1649 662 1708; x_wconf 90' lang='lat' dir='ltr'>Idem</span> <span class='ocrx_word' id='word_1_139' title='bbox 686 1649 736 1706; x_wconf 90' lang='lat' dir='ltr'>ille</span> <span class='ocrx_word' id='word_1_140' title='bbox 761 1648 939 1708; x_wconf 82' lang='lat' dir='ltr'>Meneclides</span> <span class='ocrx_word' id='word_1_141' title='bbox 966 1669 1056 1728; x_wconf 91' lang='lat' dir='ltr'>quum</span> 
     </span>
     <span class='ocr_line' id='line_1_19' title="bbox 152 1727 1057 1806; baseline 0.003 -21"><span class='ocrx_word' id='word_1_142' title='bbox 152 1727 222 1787; x_wconf 92' lang='lat' dir='ltr'>hnic</span> <span class='ocrx_word' id='word_1_143' title='bbox 235 1729 381 1805; x_wconf 84' lang='lat' dir='ltr'>objiceret,</span> <span class='ocrx_word' id='word_1_144' title='bbox 396 1729 471 1806; x_wconf 94' lang='lat' dir='ltr'>quod</span> <span class='ocrx_word' id='word_1_145' title='bbox 490 1729 595 1787; x_wconf 87' lang='lat' dir='ltr'>liberos</span> <span class='ocrx_word' id='word_1_146' title='bbox 609 1747 665 1786; x_wconf 90' lang='lat' dir='ltr'>non</span> <span class='ocrx_word' id='word_1_147' title='bbox 686 1728 814 1798; x_wconf 88' lang='lat' dir='ltr'>haberet,</span> <span class='ocrx_word' id='word_1_148' title='bbox 828 1747 923 1804; x_wconf 92' lang='lat' dir='ltr'>neque</span> <span class='ocrx_word' id='word_1_149' title='bbox 938 1748 1057 1788; x_wconf 87' lang='lat' dir='ltr'>uxorem</span> 
     </span>
    </p>

    <p class='ocr_par' dir='ltr' id='par_1_9' title="bbox 113 1806 1057 2103">
     <span class='ocr_line' id='line_1_20' title="bbox 113 1806 1056 1885; baseline 0 -20"><span class='ocrx_word' id='word_1_150' title='bbox 113 1840 115 1844; x_wconf 95' lang='lat'>·</span> <span class='ocrx_word' id='word_1_151' title='bbox 152 1806 300 1880; x_wconf 83' lang='lat' dir='ltr'>duxisset3</span> <span class='ocrx_word' id='word_1_152' title='bbox 324 1809 506 1885; x_wconf 84' lang='lat' dir='ltr'>maximeque</span> <span class='ocrx_word' id='word_1_153' title='bbox 523 1808 713 1877; x_wconf 86' lang='lat' dir='ltr'>insolentiam,</span> <span class='ocrx_word' id='word_1_154' title='bbox 734 1807 810 1883; x_wconf 91' lang='lat' dir='ltr'>quod</span> <span class='ocrx_word' id='word_1_155' title='bbox 824 1807 879 1864; x_wconf 88' lang='lat' dir='ltr'>sibi</span> <span class='ocrx_word' id='word_1_156' title='bbox 900 1808 1056 1885; x_wconf 84' lang='lat' dir='ltr'>Agamem-</span> 
     </span>
     <span class='ocr_line' id='line_1_21' title="bbox 152 1887 1056 1966; baseline 0.003 -23"><span class='ocrx_word' id='word_1_157' title='bbox 152 1887 235 1945; x_wconf 89' lang='lat' dir='ltr'>nonis</span> <span class='ocrx_word' id='word_1_158' title='bbox 249 1888 317 1946; x_wconf 93' lang='lat' dir='ltr'>belli</span> <span class='ocrx_word' id='word_1_159' title='bbox 331 1888 453 1966; x_wconf 84' lang='lat' dir='ltr'>gloriam</span> <span class='ocrx_word' id='word_1_160' title='bbox 464 1887 611 1945; x_wconf 88' lang='lat' dir='ltr'>videretur</span> <span class='ocrx_word' id='word_1_161' title='bbox 623 1895 814 1944; x_wconf 85' lang='lat' dir='ltr'>consecutus:</span> <span class='ocrx_word' id='word_1_162' title='bbox 835 1895 873 1956; x_wconf 87' lang='lat' dir='ltr'>at,</span> <span class='ocrx_word' id='word_1_163' title='bbox 883 1887 942 1957; x_wconf 93' lang='lat' dir='ltr'>ille,</span> <span class='ocrx_word' id='word_1_164' title='bbox 952 1888 1056 1957; x_wconf 60' lang='lat' dir='ltr'>desine</span> 
     </span>
     <span class='ocr_line' id='line_1_22' title="bbox 151 1964 1057 2042; baseline 0.004 -21"><span class='ocrx_word' id='word_1_165' title='bbox 151 1965 253 2042; x_wconf 92' lang='lat' dir='ltr'>inquit,</span> <span class='ocrx_word' id='word_1_166' title='bbox 267 1965 436 2036; x_wconf 72' lang='lat' dir='ltr'>Maenalide,</span> <span class='ocrx_word' id='word_1_167' title='bbox 447 1968 481 2025; x_wconf 87' lang='lat' dir='ltr'>de</span> <span class='ocrx_word' id='word_1_168' title='bbox 494 1983 578 2023; x_wconf 78' lang='lat' dir='ltr'>acore</span> <span class='ocrx_word' id='word_1_169' title='bbox 592 1965 661 2023; x_wconf 81' lang='lat' dir='ltr'>milti</span> <span class='ocrx_word' id='word_1_170' title='bbox 669 1964 835 2040; x_wconf 79' lang='lat' dir='ltr'>exprobrare</span> <span class='ocrx_word' id='word_1_171' title='bbox 846 1985 856 2022; x_wconf 90' lang='lat'><em>:</em></span> <span class='ocrx_word' id='word_1_172' title='bbox 871 1983 938 2022; x_wconf 82' lang='lat' dir='ltr'>nom</span> <span class='ocrx_word' id='word_1_173' title='bbox 950 1968 1057 2025; x_wconf 72' lang='lat' dir='ltr'>nomae</span> 
     </span>
     <span class='ocr_line' id='line_1_23' title="bbox 151 2043 1056 2103; baseline 0.002 -2"><span class='ocrx_word' id='word_1_174' title='bbox 151 2044 182 2101; x_wconf 79' lang='lat' dir='ltr'>io</span> <span class='ocrx_word' id='word_1_175' title='bbox 194 2047 250 2102; x_wconf 79' lang='lat' dir='ltr'>iata</span> <span class='ocrx_word' id='word_1_176' title='bbox 261 2063 293 2103; x_wconf 85' lang='lat' dir='ltr'>rc</span> <span class='ocrx_word' id='word_1_177' title='bbox 306 2047 398 2102; x_wconf 80' lang='lat' dir='ltr'>minas</span> <span class='ocrx_word' id='word_1_178' title='bbox 412 2047 453 2102; x_wconf 82' lang='lat' dir='ltr'>uti</span> <span class='ocrx_word' id='word_1_179' title='bbox 466 2045 580 2101; x_wconf 66' lang='lat' dir='ltr'>evanlio</span> <span class='ocrx_word' id='word_1_180' title='bbox 593 2045 663 2102; x_wconf 84' lang='lat' dir='ltr'>volo.</span> <span class='ocrx_word' id='word_1_181' title='bbox 720 2043 853 2101; x_wconf 87' lang='lat' dir='ltr'>Habebat</span> <span class='ocrx_word' id='word_1_182' title='bbox 866 2044 943 2101; x_wconf 91' lang='lat' dir='ltr'>enim</span> <span class='ocrx_word' id='word_1_183' title='bbox 958 2043 1056 2103; x_wconf 88' lang='lat' dir='ltr'>Mena·</span> 
     </span>
    </p>

    <p class='ocr_par' dir='ltr' id='par_1_10' title="bbox 112 2121 1057 2515">
     <span class='ocr_line' id='line_1_24' title="bbox 112 2121 1055 2201; baseline 0.005 -24"><span class='ocrx_word' id='word_1_184' title='bbox 112 2124 130 2177; x_wconf 85' lang='grc'>6</span> <span class='ocrx_word' id='word_1_185' title='bbox 151 2121 242 2180; x_wconf 89' lang='lat' dir='ltr'>clidas</span> <span class='ocrx_word' id='word_1_186' title='bbox 265 2124 458 2200; x_wconf 88' lang='lat' dir='ltr'>suspicionem</span> <span class='ocrx_word' id='word_1_187' title='bbox 482 2122 626 2180; x_wconf 90' lang='lat' dir='ltr'>adulterii.</span> <span class='ocrx_word' id='word_1_188' title='bbox 751 2123 787 2180; x_wconf 86' lang='lat' dir='ltr'>od</span> <span class='ocrx_word' id='word_1_189' title='bbox 809 2130 901 2180; x_wconf 79' lang='lat' dir='ltr'>uatem</span> <span class='ocrx_word' id='word_1_190' title='bbox 927 2142 969 2182; x_wconf 88' lang='lat' dir='ltr'>mc</span> <span class='ocrx_word' id='word_1_191' title='bbox 989 2121 1055 2201; x_wconf 81' lang='lat' dir='ltr'>Ag-</span> 
     </span>
     <span class='ocr_line' id='line_1_25' title="bbox 153 2199 1057 2278; baseline 0.004 -20"><span class='ocrx_word' id='word_1_192' title='bbox 153 2218 336 2260; x_wconf 80' lang='lat' dir='ltr'>amemnonem</span> <span class='ocrx_word' id='word_1_193' title='bbox 359 2202 485 2259; x_wconf 77' lang='lat' dir='ltr'>emulari</span> <span class='ocrx_word' id='word_1_194' title='bbox 503 2209 598 2275; x_wconf 78' lang='lat' dir='ltr'>potos,</span> <span class='ocrx_word' id='word_1_195' title='bbox 632 2201 739 2260; x_wconf 79' lang='lat' dir='ltr'>olleria</span> <span class='ocrx_word' id='word_1_196' title='bbox 782 2199 910 2278; x_wconf 80' lang='lat' dir='ltr'>Namque</span> <span class='ocrx_word' id='word_1_197' title='bbox 933 2203 981 2262; x_wconf 83' lang='lat' dir='ltr'>illc</span> <span class='ocrx_word' id='word_1_198' title='bbox 995 2221 1057 2261; x_wconf 75' lang='lat' dir='ltr'>cam</span> 
     </span>
     <span class='ocr_line' id='line_1_26' title="bbox 150 2278 1057 2359; baseline 0.002 -22"><span class='ocrx_word' id='word_1_199' title='bbox 150 2281 282 2338; x_wconf 70' lang='lat' dir='ltr'>maman</span> <span class='ocrx_word' id='word_1_200' title='bbox 298 2278 409 2338; x_wconf 72' lang='lat' dir='ltr'>Gracia</span> <span class='ocrx_word' id='word_1_201' title='bbox 422 2283 469 2337; x_wconf 63' lang='lat' dir='ltr'>aas</span> <span class='ocrx_word' id='word_1_202' title='bbox 482 2281 575 2339; x_wconf 84' lang='lat' dir='ltr'>decem</span> <span class='ocrx_word' id='word_1_203' title='bbox 587 2283 670 2338; x_wconf 63' lang='lat' dir='ltr'>aaron</span> <span class='ocrx_word' id='word_1_204' title='bbox 682 2299 767 2338; x_wconf 80' lang='lat' dir='ltr'>anam</span> <span class='ocrx_word' id='word_1_205' title='bbox 780 2283 852 2355; x_wconf 78' lang='lat' dir='ltr'>cepit</span> <span class='ocrx_word' id='word_1_206' title='bbox 864 2280 958 2339; x_wconf 81' lang='lat' dir='ltr'>urbem</span> <span class='ocrx_word' id='word_1_207' title='bbox 968 2301 984 2352; x_wconf 90' lang='lat'>,·</span> <span class='ocrx_word' id='word_1_208' title='bbox 1007 2299 1057 2359; x_wconf 81' lang='lat' dir='ltr'>ago</span> 
     </span>
     <span class='ocr_line' id='line_1_27' title="bbox 151 2357 1055 2436; baseline 0.006 -21"><span class='ocrx_word' id='word_1_209' title='bbox 151 2365 247 2416; x_wconf 78' lang='lat' dir='ltr'>contro</span> <span class='ocrx_word' id='word_1_210' title='bbox 269 2377 302 2416; x_wconf 78' lang='lat' dir='ltr'>cn</span> <span class='ocrx_word' id='word_1_211' title='bbox 324 2377 382 2416; x_wconf 81' lang='lat' dir='ltr'>aaa</span> <span class='ocrx_word' id='word_1_212' title='bbox 403 2359 470 2418; x_wconf 81' lang='lat' dir='ltr'>arbe</span> <span class='ocrx_word' id='word_1_213' title='bbox 493 2368 589 2418; x_wconf 72' lang='lat' dir='ltr'>nemra</span> <span class='ocrx_word' id='word_1_214' title='bbox 610 2360 708 2436; x_wconf 82' lang='lat' dir='ltr'>dicque</span> <span class='ocrx_word' id='word_1_215' title='bbox 728 2376 783 2416; x_wconf 79' lang='lat' dir='ltr'>utto</span> <span class='ocrx_word' id='word_1_216' title='bbox 804 2367 887 2416; x_wconf 82' lang='lat' dir='ltr'>totam</span> <span class='ocrx_word' id='word_1_217' title='bbox 908 2357 1055 2432; x_wconf 74' lang='lat' dir='ltr'>Grcaiom,</span> 
     </span>
     <span class='ocr_line' id='line_1_28' title="bbox 150 2433 635 2515; baseline 0.004 -22"><span class='ocrx_word' id='word_1_218' title='bbox 150 2433 367 2496; x_wconf 66' lang='lat' dir='ltr'>lacedemoniis</span> <span class='ocrx_word' id='word_1_219' title='bbox 369 2435 494 2515; x_wconf 79' lang='lat' dir='ltr'>fugatis,</span> <span class='ocrx_word' id='word_1_220' title='bbox 510 2438 635 2498; x_wconf 84' lang='lat' dir='ltr'>liberavi.</span> 
     </span>
    </p>

    <p class='ocr_par' dir='ltr' id='par_1_11' title="bbox 112 2513 1124 2988">
     <span class='ocr_line' id='line_1_29' title="bbox 112 2513 1055 2593; baseline 0.006 -23"><span class='ocrx_word' id='word_1_221' title='bbox 112 2518 126 2571; x_wconf 94' lang='lat' dir='ltr'>l</span> <span class='ocrx_word' id='word_1_222' title='bbox 189 2513 243 2573; x_wconf 91' lang='lat' dir='ltr'>VI.</span> <span class='ocrx_word' id='word_1_223' title='bbox 275 2514 355 2574; x_wconf 91' lang='lat' dir='ltr'>Idem</span> <span class='ocrx_word' id='word_1_224' title='bbox 378 2535 469 2593; x_wconf 90' lang='lat' dir='ltr'>quum</span> <span class='ocrx_word' id='word_1_225' title='bbox 493 2517 524 2574; x_wconf 89' lang='lat' dir='ltr'>in</span> <span class='ocrx_word' id='word_1_226' title='bbox 548 2527 722 2576; x_wconf 88' lang='lat' dir='ltr'>conventum</span> <span class='ocrx_word' id='word_1_227' title='bbox 743 2517 869 2575; x_wconf 85' lang='lat' dir='ltr'>venisset</span> <span class='ocrx_word' id='word_1_228' title='bbox 894 2517 1055 2588; x_wconf 80' lang='lat' dir='ltr'>Arcadum,</span> 
     </span>
     <span class='ocr_line' id='line_1_30' title="bbox 149 2595 1054 2672; baseline 0.003 -21"><span class='ocrx_word' id='word_1_229' title='bbox 149 2601 257 2670; x_wconf 87' lang='lat' dir='ltr'>petens,</span> <span class='ocrx_word' id='word_1_230' title='bbox 273 2603 304 2652; x_wconf 91' lang='lat' dir='ltr'>ut</span> <span class='ocrx_word' id='word_1_231' title='bbox 317 2596 482 2653; x_wconf 88' lang='lat' dir='ltr'>societatem</span> <span class='ocrx_word' id='word_1_232' title='bbox 493 2614 563 2654; x_wconf 91' lang='lat' dir='ltr'>cum</span> <span class='ocrx_word' id='word_1_233' title='bbox 577 2595 727 2654; x_wconf 89' lang='lat' dir='ltr'>Thebanis</span> <span class='ocrx_word' id='word_1_234' title='bbox 735 2605 764 2653; x_wconf 89' lang='lat' dir='ltr'>et</span> <span class='ocrx_word' id='word_1_235' title='bbox 778 2595 899 2672; x_wconf 84' lang='lat' dir='ltr'>Argivis</span> <span class='ocrx_word' id='word_1_236' title='bbox 908 2595 1054 2656; x_wconf 81' lang='lat' dir='ltr'>facerent:</span> 
     </span>
     <span class='ocr_line' id='line_1_31' title="bbox 149 2673 1054 2751; baseline 0.001 -19"><span class='ocrx_word' id='word_1_237' title='bbox 149 2681 306 2750; x_wconf 84' lang='lat' dir='ltr'>contraque</span> <span class='ocrx_word' id='word_1_238' title='bbox 328 2673 520 2744; x_wconf 85' lang='lat' dir='ltr'>Callistratus,</span> <span class='ocrx_word' id='word_1_239' title='bbox 545 2675 768 2733; x_wconf 89' lang='lat' dir='ltr'>Atheniensium</span> <span class='ocrx_word' id='word_1_240' title='bbox 789 2674 911 2751; x_wconf 83' lang='lat' dir='ltr'>legatus,</span> <span class='ocrx_word' id='word_1_241' title='bbox 926 2675 977 2751; x_wconf 91' lang='lat' dir='ltr'>qui</span> <span class='ocrx_word' id='word_1_242' title='bbox 997 2676 1054 2734; x_wconf 87' lang='lat' dir='ltr'>alo·</span> 
     </span>
     <span class='ocr_line' id='line_1_32' title="bbox 148 2752 1053 2830; baseline 0.002 -20"><span class='ocrx_word' id='word_1_243' title='bbox 148 2752 266 2830; x_wconf 89' lang='lat' dir='ltr'>quentia</span> <span class='ocrx_word' id='word_1_244' title='bbox 279 2770 378 2811; x_wconf 87' lang='lat' dir='ltr'>omnes</span> <span class='ocrx_word' id='word_1_245' title='bbox 392 2772 427 2811; x_wconf 91' lang='lat' dir='ltr'>eo</span> <span class='ocrx_word' id='word_1_246' title='bbox 446 2753 600 2830; x_wconf 73' lang='lat' dir='ltr'>prestabat</span> <span class='ocrx_word' id='word_1_247' title='bbox 619 2763 755 2830; x_wconf 87' lang='lat' dir='ltr'>tempore,</span> <span class='ocrx_word' id='word_1_248' title='bbox 771 2753 937 2830; x_wconf 88' lang='lat' dir='ltr'>postularet,</span> <span class='ocrx_word' id='word_1_249' title='bbox 953 2763 986 2812; x_wconf 92' lang='lat' dir='ltr'>ut</span> <span class='ocrx_word' id='word_1_250' title='bbox 1006 2772 1053 2830; x_wconf 78' lang='lat' dir='ltr'>po</span> 
     </span>
     <span class='ocr_line' id='line_1_33' title="bbox 148 2831 1055 2908; baseline 0.002 -18"><span class='ocrx_word' id='word_1_251' title='bbox 148 2831 206 2890; x_wconf 91' lang='lat' dir='ltr'>tins</span> <span class='ocrx_word' id='word_1_252' title='bbox 228 2833 384 2890; x_wconf 88' lang='lat' dir='ltr'>amicitiam</span> <span class='ocrx_word' id='word_1_253' title='bbox 407 2841 599 2908; x_wconf 87' lang='lat' dir='ltr'>sequerentur</span> <span class='ocrx_word' id='word_1_254' title='bbox 622 2832 797 2902; x_wconf 88' lang='lat' dir='ltr'>Atticorum,</span> <span class='ocrx_word' id='word_1_255' title='bbox 821 2841 850 2890; x_wconf 92' lang='lat' dir='ltr'>et</span> <span class='ocrx_word' id='word_1_256' title='bbox 873 2832 903 2889; x_wconf 90' lang='lat' dir='ltr'>in</span> <span class='ocrx_word' id='word_1_257' title='bbox 927 2833 1055 2892; x_wconf 86' lang='lat' dir='ltr'>oratione</span> 
     </span>
     <span class='ocr_line' id='line_1_34' title="bbox 148 2911 1124 2988; baseline 0.002 -20"><span class='ocrx_word' id='word_1_258' title='bbox 148 2929 202 2970; x_wconf 90' lang='lat' dir='ltr'>sua</span> <span class='ocrx_word' id='word_1_259' title='bbox 222 2912 315 2970; x_wconf 91' lang='lat' dir='ltr'>multa</span> <span class='ocrx_word' id='word_1_260' title='bbox 337 2911 470 2970; x_wconf 82' lang='lat' dir='ltr'>invectus</span> <span class='ocrx_word' id='word_1_261' title='bbox 490 2921 566 2969; x_wconf 89' lang='lat' dir='ltr'>esset</span> <span class='ocrx_word' id='word_1_262' title='bbox 588 2912 619 2969; x_wconf 90' lang='lat' dir='ltr'>in</span> <span class='ocrx_word' id='word_1_263' title='bbox 644 2911 799 2969; x_wconf 87' lang='lat' dir='ltr'>Thebanos</span> <span class='ocrx_word' id='word_1_264' title='bbox 812 2919 841 2968; x_wconf 91' lang='lat' dir='ltr'>et</span> <span class='ocrx_word' id='word_1_265' title='bbox 864 2911 1002 2988; x_wconf 78' lang='lat' dir='ltr'>Argivos,</span> <span class='ocrx_word' id='word_1_266' title='bbox 1023 2913 1054 2970; x_wconf 91' lang='lat' dir='ltr'>in</span> <span class='ocrx_word' id='word_1_267' title='bbox 1122 2924 1124 2928; x_wconf 86' lang='grc'><strong>’</strong></span> 
     </span>
    </p>

    <p class='ocr_par' dir='ltr' id='par_1_12' title="bbox 109 2989 1054 3380">
     <span class='ocr_line' id='line_1_35' title="bbox 109 2989 1054 3068; baseline 0.004 -24"><span class='ocrx_word' id='word_1_268' title='bbox 109 2989 247 3067; x_wconf 63' lang='lat' dir='ltr'>telaque</span> <span class='ocrx_word' id='word_1_269' title='bbox 270 2989 327 3050; x_wconf 91' lang='lat' dir='ltr'>hoo</span> <span class='ocrx_word' id='word_1_270' title='bbox 345 2992 502 3068; x_wconf 84' lang='lat' dir='ltr'>posuisset3</span> <span class='ocrx_word' id='word_1_271' title='bbox 532 2990 761 3048; x_wconf 86' lang='lat' dir='ltr'>animadvertere</span> <span class='ocrx_word' id='word_1_272' title='bbox 783 2989 888 3048; x_wconf 87' lang='lat' dir='ltr'>debere</span> <span class='ocrx_word' id='word_1_273' title='bbox 908 2989 1054 3061; x_wconf 84' lang='lat' dir='ltr'>Arcadas,</span> 
     </span>
     <span class='ocr_line' id='line_1_36' title="bbox 147 3068 1054 3148; baseline 0.001 -21"><span class='ocrx_word' id='word_1_274' title='bbox 147 3070 250 3145; x_wconf 83' lang='lat' dir='ltr'>quales</span> <span class='ocrx_word' id='word_1_275' title='bbox 273 3081 395 3148; x_wconf 91' lang='lat' dir='ltr'>utraque</span> <span class='ocrx_word' id='word_1_276' title='bbox 416 3070 520 3128; x_wconf 84' lang='lat' dir='ltr'>civitas</span> <span class='ocrx_word' id='word_1_277' title='bbox 539 3069 619 3128; x_wconf 84' lang='lat' dir='ltr'>cives</span> <span class='ocrx_word' id='word_1_278' title='bbox 639 3078 827 3146; x_wconf 87' lang='lat' dir='ltr'>procreasset,</span> <span class='ocrx_word' id='word_1_279' title='bbox 841 3087 878 3126; x_wconf 85' lang='lat' dir='ltr'>ex</span> <span class='ocrx_word' id='word_1_280' title='bbox 898 3068 1054 3144; x_wconf 87' lang='lat' dir='ltr'>quibusda</span> 
     </span>
     <span class='ocr_line' id='line_1_37' title="bbox 148 3146 1054 3228; baseline 0.002 -24"><span class='ocrx_word' id='word_1_281' title='bbox 148 3149 253 3206; x_wconf 87' lang='lat' dir='ltr'>ceteris</span> <span class='ocrx_word' id='word_1_282' title='bbox 266 3159 380 3226; x_wconf 89' lang='lat' dir='ltr'>possent</span> <span class='ocrx_word' id='word_1_283' title='bbox 397 3149 550 3226; x_wconf 84' lang='lat' dir='ltr'>judicare:</span> <span class='ocrx_word' id='word_1_284' title='bbox 574 3149 702 3228; x_wconf 84' lang='lat' dir='ltr'>Argivos</span> <span class='ocrx_word' id='word_1_285' title='bbox 715 3148 792 3206; x_wconf 89' lang='lat' dir='ltr'>enim</span> <span class='ocrx_word' id='word_1_286' title='bbox 814 3146 904 3205; x_wconf 80' lang='lat' dir='ltr'>fuisse</span> <span class='ocrx_word' id='word_1_287' title='bbox 919 3146 1054 3206; x_wconf 86' lang='lat' dir='ltr'>Orestem</span> 
     </span>
     <span class='ocr_line' id='line_1_38' title="bbox 147 3225 1052 3304; baseline 0.002 -23"><span class='ocrx_word' id='word_1_288' title='bbox 147 3233 177 3282; x_wconf 90' lang='lat' dir='ltr'>et</span> <span class='ocrx_word' id='word_1_289' title='bbox 202 3225 408 3297; x_wconf 76' lang='lat' dir='ltr'>Alcmeonem,</span> <span class='ocrx_word' id='word_1_290' title='bbox 428 3227 613 3301; x_wconf 82' lang='lat' dir='ltr'>matricidas3</span> <span class='ocrx_word' id='word_1_291' title='bbox 647 3226 758 3286; x_wconf 88' lang='lat' dir='ltr'>Thebis</span> <span class='ocrx_word' id='word_1_292' title='bbox 778 3225 920 3304; x_wconf 85' lang='lat' dir='ltr'>OEdipum</span> <span class='ocrx_word' id='word_1_293' title='bbox 941 3235 1052 3296; x_wconf 88' lang='lat' dir='ltr'>natum,</span> 
     </span>
     <span class='ocr_line' id='line_1_39' title="bbox 146 3302 1054 3380; baseline 0.004 -21"><span class='ocrx_word' id='word_1_294' title='bbox 146 3302 206 3378; x_wconf 92' lang='lat' dir='ltr'>qni,</span> <span class='ocrx_word' id='word_1_295' title='bbox 227 3321 319 3378; x_wconf 89' lang='lat' dir='ltr'>quum</span> <span class='ocrx_word' id='word_1_296' title='bbox 340 3314 451 3380; x_wconf 87' lang='lat' dir='ltr'>patrem</span> <span class='ocrx_word' id='word_1_297' title='bbox 464 3325 551 3365; x_wconf 89' lang='lat' dir='ltr'>suum</span> <span class='ocrx_word' id='word_1_298' title='bbox 571 3305 771 3376; x_wconf 84' lang='lat' dir='ltr'>interfecisset,</span> <span class='ocrx_word' id='word_1_299' title='bbox 785 3323 821 3363; x_wconf 84' lang='lat' dir='ltr'>ex</span> <span class='ocrx_word' id='word_1_300' title='bbox 836 3313 928 3363; x_wconf 88' lang='lat' dir='ltr'>matre</span> <span class='ocrx_word' id='word_1_301' title='bbox 948 3305 1054 3363; x_wconf 88' lang='lat' dir='ltr'>liberos</span> 
     </span>
    </p>

    <p class='ocr_par' dir='ltr' id='par_1_13' title="bbox 112 3382 1053 3691">
     <span class='ocr_line' id='line_1_40' title="bbox 112 3382 1053 3462; baseline 0.004 -25"><span class='ocrx_word' id='word_1_302' title='bbox 112 3382 126 3437; x_wconf 82' lang='lat'>3</span> <span class='ocrx_word' id='word_1_303' title='bbox 147 3391 341 3457; x_wconf 88' lang='lat' dir='ltr'>procreasset:</span> <span class='ocrx_word' id='word_1_304' title='bbox 362 3383 410 3440; x_wconf 92' lang='lat' dir='ltr'>hio</span> <span class='ocrx_word' id='word_1_305' title='bbox 420 3383 451 3440; x_wconf 88' lang='lat' dir='ltr'>in</span> <span class='ocrx_word' id='word_1_306' title='bbox 465 3385 660 3460; x_wconf 84' lang='lat' dir='ltr'>respondendo</span> <span class='ocrx_word' id='word_1_307' title='bbox 674 3383 899 3462; x_wconf 88' lang='lat' dir='ltr'>Epaminondas,</span> <span class='ocrx_word' id='word_1_308' title='bbox 910 3401 1002 3460; x_wconf 89' lang='lat' dir='ltr'>quum</span> <span class='ocrx_word' id='word_1_309' title='bbox 1017 3383 1053 3441; x_wconf 90' lang='lat' dir='ltr'>de</span> 
     </span>
     <span class='ocr_line' id='line_1_41' title="bbox 146 3460 1052 3538; baseline 0 -20"><span class='ocrx_word' id='word_1_310' title='bbox 146 3460 251 3518; x_wconf 86' lang='lat' dir='ltr'>ceteris</span> <span class='ocrx_word' id='word_1_311' title='bbox 271 3471 439 3537; x_wconf 87' lang='lat' dir='ltr'>perorasset,</span> <span class='ocrx_word' id='word_1_312' title='bbox 454 3473 604 3538; x_wconf 88' lang='lat' dir='ltr'>postquam</span> <span class='ocrx_word' id='word_1_313' title='bbox 625 3463 661 3520; x_wconf 90' lang='lat' dir='ltr'>ad</span> <span class='ocrx_word' id='word_1_314' title='bbox 681 3463 734 3521; x_wconf 90' lang='lat' dir='ltr'>illa</span> <span class='ocrx_word' id='word_1_315' title='bbox 753 3463 811 3520; x_wconf 93' lang='lat' dir='ltr'>duo</span> <span class='ocrx_word' id='word_1_316' title='bbox 823 3463 976 3538; x_wconf 90' lang='lat' dir='ltr'>opprobria</span> <span class='ocrx_word' id='word_1_317' title='bbox 989 3479 1052 3538; x_wconf 89' lang='lat' dir='ltr'>per·</span> 
     </span>
     <span class='ocr_line' id='line_1_42' title="bbox 145 3538 1051 3617; baseline 0.003 -21"><span class='ocrx_word' id='word_1_318' title='bbox 145 3539 232 3609; x_wconf 82' lang='lat' dir='ltr'>venit,</span> <span class='ocrx_word' id='word_1_319' title='bbox 259 3538 395 3597; x_wconf 87' lang='lat' dir='ltr'>admirari</span> <span class='ocrx_word' id='word_1_320' title='bbox 419 3558 451 3597; x_wconf 91' lang='lat' dir='ltr'>se</span> <span class='ocrx_word' id='word_1_321' title='bbox 474 3539 546 3597; x_wconf 82' lang='lat' dir='ltr'>dixit</span> <span class='ocrx_word' id='word_1_322' title='bbox 565 3540 716 3598; x_wconf 86' lang='lat' dir='ltr'>stultitiam</span> <span class='ocrx_word' id='word_1_323' title='bbox 736 3541 857 3599; x_wconf 87' lang='lat' dir='ltr'>rhetoris</span> <span class='ocrx_word' id='word_1_324' title='bbox 878 3541 980 3611; x_wconf 85' lang='lat' dir='ltr'>Attici,</span> <span class='ocrx_word' id='word_1_325' title='bbox 1000 3540 1051 3617; x_wconf 89' lang='lat' dir='ltr'>qui</span> 
     </span>
     <span class='ocr_line' id='line_1_43' title="bbox 138 3617 1053 3691; baseline 0.009 -21"><span class='ocrx_word' id='word_1_326' title='bbox 138 3633 199 3672; x_wconf 84' lang='lat' dir='ltr'>non</span> <span class='ocrx_word' id='word_1_327' title='bbox 206 3617 454 3688; x_wconf 82' lang='lat' dir='ltr'>animadverterit,</span> <span class='ocrx_word' id='word_1_328' title='bbox 469 3618 636 3676; x_wconf 85' lang='lat' dir='ltr'>innocentes</span> <span class='ocrx_word' id='word_1_329' title='bbox 648 3619 714 3676; x_wconf 86' lang='lat' dir='ltr'>illos</span> <span class='ocrx_word' id='word_1_330' title='bbox 727 3629 827 3691; x_wconf 82' lang='lat' dir='ltr'>natos3</span> <span class='ocrx_word' id='word_1_331' title='bbox 850 3618 926 3677; x_wconf 90' lang='lat' dir='ltr'>domi</span> <span class='ocrx_word' id='word_1_332' title='bbox 939 3618 1053 3678; x_wconf 78' lang='lat' dir='ltr'>scelera</span> 
     </span>
    </p>
   </div>
   <div class='ocr_carea' id='block_1_4' title="bbox 0 0 1194 4036">
    <p class='ocr_par' dir='ltr' id='par_1_14' title="bbox 0 0 1194 4036">
     <span class='ocr_line' id='line_1_44' title="bbox 0 0 1194 4036; baseline 0 2"><span class='ocrx_word' id='word_1_333' title='bbox 0 0 1194 4036; x_wconf 95' lang='lat' dir='ltr'> </span> 
     </span>
    </p>
   </div>
  </div>
 </body>
</html>
