2378 4036
162 282 205 345 02
365 277 487 342 XXIII.
530 285 608 352 7,’8.
656 275 858 360 (Hannibal.)

121 432 136 492 l
198 429 267 488 VII.
287 430 392 496 Quum
412 431 442 486 in
457 430 620 506 apparando
642 431 783 487 acerrime
798 439 872 487 esset
894 440 1061 507 occupatus,

157 508 412 585 Carthaginienses
434 509 542 566 bellum
565 527 633 566 oum
661 508 801 566 Romanis
827 519 1060 584 composuerunt.

160 586 219 653 [lle'
234 586 323 645 nihilo
347 587 443 645 sacius
467 588 608 644 exercitui
633 597 731 663 postea
753 585 876 662 praefuit,
900 605 1003 662 resque
1032 588 1060 643 in

158 664 261 723 Africa
282 666 380 742 gessit,
397 666 537 742 [itemque
559 664 646 741 Mago
661 665 752 722 frater
765 665 853 741 ejus,]
870 664 1011 739 usquead
1027 665 1060 722 P.

118 745 136 798 2
158 743 320 819 Sulpicium
335 753 363 801 et
382 744 417 802 C.
433 745 589 801 Aurelium
607 744 750 801 consules.
793 743 850 800 His
863 745 941 800 enim
956 745 1059 821 mugis-

157 823 279 880 tratibus
300 822 389 898 legati
411 822 665 898 Carthaginienses
688 821 809 879 Romam
832 832 997 891 venerunt„
1011 823 1061 897 qui

156 901 269 958 senatui
284 901 445 978 populoque
468 901 599 958 Romano
618 901 726 976 gratias
749 910 878 976 agerent,
893 901 970 975 quod
992 920 1061 958 cum
1122 968 1125 969 ⁷

157 979 202 1036 his
215 998 317 1055 pacem
332 978 476 1050 fecissent,
490 979 526 1037 ob
549 997 671 1053 eamque
696 997 756 1034 rem
779 996 883 1035 corona
909 997 998 1036 aurea
1013 998 1061 1036 eos

156 1056 304 1127 donarent,
319 1058 463 1132 simulque
478 1067 617 1134 peterent,
633 1069 664 1114 ut
677 1056 789 1114 obsides
803 1074 903 1113 eorum
918 1056 1061 1133 Fregellis

118 1136 136 1190 3
157 1146 261 1205 esseut,
285 1137 449 1213 captivique
473 1135 669 1193 redderentur.
712 1134 768 1192 His
792 1153 829 1191 ex
853 1146 971 1210 senatus
994 1154 1059 1192 oon-

156 1214 232 1272 sulto
246 1232 413 1290 responsum
428 1224 488 1272 est:
510 1232 617 1270 munus
639 1232 740 1271 eorum
760 1223 874 1288 gratum
897 1225 1060 1289 acceptum·

156 1311 212 1368 que
226 1311 308 1364 ersc3
321 1291 451 1361 obsides,
468 1311 525 1368 quo
534 1292 597 1349 loeo
619 1301 763 1368 rogarent,
779 1289 889 1348 futuros
902 1311 910 1363 3
932 1293 1061 1367 captivos

156 1389 213 1428 non
229 1372 407 1439 remissuros,
422 1371 498 1446 quod
524 1370 727 1439 Hannibalem,
743 1369 828 1444 cujus
844 1389 930 1444 opera
945 1389 1061 1445 suscep·

156 1457 217 1505 tum
233 1449 341 1506 bellum
357 1448 436 1518 foret,
451 1449 682 1507 inimicissimum
698 1448 804 1505 nomini
820 1447 959 1517 Romano,
975 1449 1061 1505 etiam

155 1545 234 1584 nunc
255 1545 323 1584 cum
347 1528 467 1602 imperio
482 1527 556 1603 apud
579 1528 739 1584 exercitum
764 1526 912 1596 haberent,
935 1527 1060 1602 itemque

117 1605 135 1660 4
157 1603 276 1662 fratrem
290 1606 354 1681 ejus
373 1605 537 1683 Magonem.
579 1605 644 1662 Hoc
659 1624 793 1682 responso
807 1605 1060 1681 Carthaginienses

155 1685 269 1760 cognito
293 1683 487 1742 Hannibalem
501 1684 618 1741 domum
642 1683 853 1760 Magonemque
875 1693 1058 1741 revocarunt.

155 1761 225 1820 Huc
240 1773 272 1820 ut
296 1763 388 1832 rediit,
404 1774 508 1840 praetor
530 1763 689 1832 sactusest,
705 1773 854 1838 postquam
879 1781 931 1819 rex
957 1762 1060 1832 fuerat,

156 1859 231 1899 anno
244 1842 372 1901 seeundo
385 1852 414 1899 et
438 1843 586 1899 vicesImo.
628 1841 667 1899 Ut
691 1843 769 1898 enim
794 1841 895 1898 Romae
917 1841 1059 1910 consules,

155 1919 199 1977 sio
220 1919 396 1997 Carthagine
410 1920 561 1996 quotannis
575 1921 664 1976 annui
687 1920 746 1976 bini
769 1938 853 1997 reges
874 1921 1058 1978 creabantur.

116 1995 189 2054 bln
203 2018 237 2055 eo
258 2001 429 2075 magistratu
454 1999 516 2074 pari
541 1998 691 2074 diligentia
703 2018 735 2056 se
758 1997 905 2055 Hannibal
928 1998 1059 2074 praebuit,

156 2093 191 2132 ac
206 2074 443 2134 fueratinbe110.
485 2076 622 2152 Namque
636 2075 741 2146 effecit,
756 2095 791 2133 ex
812 2077 893 2158 nqvis
912 2077 1059 2152 vectigali·
1091 2133 1093 2139 ,
1126 2066 1147 2086 f

155 2153 210 2210 bus
224 2173 279 2210 non
288 2155 381 2212 solum
394 2165 425 2211 ut
439 2165 513 2231 esset
527 2156 658 2230 pecunia,
667 2174 734 2230 quaa
748 2155 887 2212 Romanis
900 2174 936 2212 ex
953 2147 1093 2213 foedere‘?
1112 2172 1116 2176 ·

155 2221 335 2307 pedderetur,
351 2231 400 2288 sed
425 2233 512 2289 etiam
526 2244 697 2312 superesset,
713 2252 779 2309 quae
803 2234 833 2290 in
857 2235 960 2290 aerario
982 2253 1059 2310 repo·

115 2311 134 2364 6
155 2320 282 2368 neretur.
324 2309 445 2380 Deinde,
461 2329 536 2368 anno
557 2322 619 2388 post
632 2323 798 2388 praeturam,
814 2311 914 2370 Marco
927 2312 1058 2382 Claudio,

154 2386 249 2445 Lucio
271 2388 360 2446 Furio
373 2388 453 2446 Coss.
470 2389 562 2447 Roma
576 2391 664 2466 legati
685 2390 892 2466 Carthaginem
906 2401 1058 2449 venerunt.

154 2465 216 2523 Hos
231 2466 378 2524 Hannibal
394 2469 439 2525 sui
453 2469 625 2544 exposcendi
639 2471 734 2546 gratia
747 2470 848 2526 missos
864 2479 951 2539 ratus,
967 2471 1059 2544 prius-

60 2562 62 2566 *
154 2563 241 2620 quam
257 2546 302 2602 his
315 2557 432 2604 senatus
446 2547 572 2616 daretur,
582 2566 686 2604 navem
696 2547 863 2606 conscendit
877 2548 963 2617 clam,
974 2558 1059 2624 atque

115 2621 132 2676 t
154 2624 182 2680 in
198 2623 315 2699 Syriam
331 2625 367 2682 ad
382 2626 559 2684 Antiochum
574 2624 709 2703 profugit.
736 2625 802 2684 Hac
817 2644 848 2684 re
863 2626 958 2702 palam
973 2625 1059 2693 lacta,

153 2700 236 2760 Poem
250 2721 340 2761 naves
352 2703 434 2776 duas,
449 2723 515 2780 quae
529 2724 598 2762 eum
612 2704 896 2781 comprehenderent,
906 2705 931 2763 si
945 2716 1059 2782 possent

153 2783 300 2858 consequi,
316 2783 457 2841 miserunt
467 2803 476 2856 ;
500 2783 575 2841 bona
589 2783 653 2859 ejus
678 2783 883 2860 publicarunt;
905 2783 1023 2841 domum
1043 2803 1059 2840 a

154 2858 347 2919 fundamentis
360 2861 554 2938 disjecerunt;
577 2863 673 2938 ipsum
687 2861 819 2920 exsulem
829 2861 1008 2938 judicarunt.

116 2942 130 2995 1
154 2999 158 3005 ,
193 2939 276 2999 v111.
299 2940 341 2999 At
362 2940 511 2998 Hannibal
537 2958 612 2997 anno
634 2950 705 3015 post,
720 2959 808 3017 quam
822 2940 904 2999 domo
925 2939 1059 3017 profuge-

147 3028 206 3088 rat,
229 3018 265 3077 L.
282 3018 424 3089 Cornelio,
446 3017 555 3083 Quinto
580 3017 710 3077 Minucio
732 3018 813 3077 Coss.
836 3019 1059 3095 cum-quinque

153 3098 276 3156 navibus
298 3098 432 3156 Africam
456 3098 579 3155 accessit
606 3098 636 3154 in
659 3098 765 3155 finibus
792 3097 1010 3173 Cyrenaeorum,
1034 3099 1059 3154 si

154 3172 224 3231 forte
239 3176 492 3253 Carthaginienses
503 3175 538 3234 ad
554 3175 662 3234 bellum
677 3177 815 3234 Antiochi
829 3195 879 3251 spe
894 3176 1059 3252 fiduciaque

153 3251 291 3309 inducere
306 3265 416 3328 posset:
438 3256 488 3312 cui
509 3255 571 3330 jam
585 3263 776 3332 persuaserat,
793 3265 824 3312 ut
842 3274 911 3312 cum
928 3255 1057 3312 exerciti·

154 3329 208 3386 bus
222 3331 251 3385 in
265 3330 379 3388 ltaliam
397 3334 637 3408 proficisceretur.
679 3333 749 3392 Huc
770 3332 926 3410 Magonem
941 3333 1059 3392 fratrem

114 3411 132 3464 2
153 3408 270 3465 exolvit.
324 3409 356 3466 ld
381 3412 430 3468 ubi
453 3412 535 3470 Poeni
559 3413 748 3482 resciverunt,
770 3411 924 3489 Magonem
949 3411 1064 3487 eadem,

152 3485 353 3562 qualisnam,
369 3489 514 3546 absentem
530 3509 616 3565 poena
630 3491 799 3549 affecerunt.
842 3490 889 3549 llli
903 3491 1062 3568 desperatis

153 3567 240 3625 rebus
261 3584 353 3642 quum
374 3567 526 3625 solvissent
547 3586 697 3639 navasco
712 3569 884 3628 velaventis
906 3569 1061 3642 dedissent,

144 3642 298 3702 Hannibal
314 3645 350 3703 ad
365 3645 544 3704 Antiochum
560 3647 700 3723 pervenit.
735 3645 781 3706 De
796 3646 930 3727 Magonis
942 3649 1061 3711 interitu
