2378 4036
352 252 443 317 xvi
490 259 517 316 1.
563 250 774 336 (Petopzdas.)
995 244 1037 317 aa

128 426 212 466 orum
227 426 265 465 ex
279 425 347 465 arca
362 405 546 483 expulerunt,
562 405 786 484 Epaminondas,
806 407 947 483 quamdiu
962 405 1040 466 iacta

128 497 172 545 est
195 486 291 544 caedes
315 486 435 556 civium,
456 484 542 542 'domo
564 505 596 543 se
617 487 728 544 tenuit:
749 487 825 561 quod
838 504 933 563 neque
947 486 1040 545 malos

129 564 283 623 defendere
298 565 420 634 volebat,
438 582 533 640 neque
548 565 728 642 impugnare,
742 583 781 622 na
800 583 905 623 manus
918 583 1039 624 suorum

129 644 271 722 sanguine
285 653 463 702 cruentaret.
505 631 642 720 Namque
656 661 771 700 omnem
792 644 909 702 civilem
923 644 1038 702 victori·

129 741 176 780 am
190 721 337 780 funestam
352 722 482 798 putabat.
521 720 611 793 Idem,
626 733 776 798 postquam
790 722 866 799 apud
879 722 1038 781 Cadmeam

128 820 196 859 oum
210 799 441 859 Lacedaemoniis
451 801 576 877 pugnari
589 809 718 877 coeptum
732 802 824 872 estin
839 802 939 878 primis
947 802 1036 860 stetit.

129 879 227 956 Hujus
251 880 287 936 de
307 879 464 938 virtutibus
484 880 602 955 vitaque
624 880 695 938 satis
718 881 773 938 erit
795 880 915 950 dictum,
937 881 962 938 si
984 881 1038 940 hoo
1064 885 1076 938 l

129 977 220 1017 unum
235 958 403 1034 adjunxero,
417 957 493 1033 quod
506 967 648 1016 ncmoeat
661 959 777 1029 infitias,
793 959 912 1017 Thebas
926 970 954 1018 et
969 970 1036 1019 ante

128 1036 360 1114 Epaminondam
380 1046 492 1108 natum,
507 1046 536 1094 et
560 1046 623 1113 post
641 1037 706 1113 ejus
719 1038 877 1108 interitum,
899 1047 1039 1117 perpetuo

129 1117 223 1175 alieno
243 1115 374 1193 paruisse
395 1117 534 1192 imperi03
558 1126 659 1173 contra
673 1136 717 1186 ea,
733 1116 873 1193 quamdiu
895 1117 945 1175 illc
965 1136 1038 1193 prm·

128 1193 215 1254 fuerit
229 1194 406 1270 reipublicae,
421 1203 511 1270 caput
524 1193 613 1252 fuisse
630 1197 716 1253 totius
737 1195 870 1254 Graeoiae.
912 1195 960 1253 Ex
981 1214 1039 1272 quo

128 1274 251 1351 intelligi
272 1283 372 1350 potest,
388 1292 480 1331 uuum
501 1274 646 1331 hominem
660 1274 761 1352 pluriS,
776 1293 866 1352 quam
880 1275 1037 1346 civitatem,

128 1352 227 1412 luisse.

277 1746 416 1820 XVI.
481 1747 896 1823 PELOPIDAS.

165 2055 189 2114 Ι.
211 2055 377 2132 Pelopidas,
397 2055 553 2128 Thebanus,
568 2059 661 2135 magis
676 2059 827 2127 historicis,
839 2077 927 2134 quam
938 2057 1035 2137 vulgo,
1058 2063 1070 2119 l

126 2145 220 2194 notus.
260 2134 355 2212 Cujus
375 2136 411 2194 de
433 2137 589 2194 virtutibus
607 2138 705 2196 dubito
726 2137 967 2213 quemadmodum
987 2158 1036 2196 ex·

127 2233 242 2292 ponam,
257 2215 332 2291 quod
347 2234 459 2285 vereor,
474 2233 520 2286 ue,
536 2217 561 2273 si
583 2234 629 2274 res
649 2217 796 2293 explicare
817 2217 964 2295 incipiam,
979 2237 1036 2276 non

125 2295 214 2351 vitam
235 2293 301 2369 ejus
319 2313 468 2364 enarrare,
483 2294 533 2352 sed
552 2294 699 2353 historiam
718 2296 818 2354 videar
838 2297 987 2370 scribere;
1010 2297 1036 2354 si

125 2371 321 2430 tantummodo
345 2391 476 2431 summas
504 2374 636 2450 attigero,
659 2393 696 2432 ne
725 2375 845 2433 rudibus
874 2375 1036 2434 litterarum

125 2450 299 2509 Graecarum
320 2452 418 2510 minus
438 2452 535 2510 lucide
553 2464 706 2529 appareat,
722 2465 849 2530 quantus
874 2453 962 2512 fuerit
982 2455 1033 2513 illa

124 2530 188 2586 vir,
222 2528 323 2606 ltaque
338 2531 453 2606 utrique
474 2532 517 2590 rei
537 2550 701 2601 occurram,
716 2544 857 2609 quantum
878 2544 984 2610 potero,
1006 2543 1035 2592 ct

125 2608 261 2666 medebor
275 2628 366 2684 quum
377 2610 509 2681 satietati,
519 2619 582 2667 tum
591 2611 760 2688 ignorantiae
774 2611 926 2670 lectorum.
950 2612 1033 2672 Phoe-
1055 2617 1073 2671 2

126 2686 216 2756 hidas,
238 2684 487 2758 Lacedaemonius,
509 2708 600 2765 quum
622 2691 783 2748 exercitum
804 2690 968 2768 Olynthum
982 2691 1034 2750 du·

124 2774 214 2834 oeret,
239 2767 351 2843 iterque
375 2785 427 2843 per
452 2767 570 2825 Thebas
590 2767 707 2839 faceret,
723 2789 821 2827 arcem
842 2769 947 2847 oppidi,
968 2789 1038 2845 quaa

124 2843 253 2902 Cadmea
280 2846 454 2916 nominatur,
482 2848 639 2923 occupavit
669 2848 796 2926 impulsu
824 2867 1034 2926 perpaucorum

124 2923 342 2995 Thebanorum,
357 2925 417 3001 qui,
432 2925 607 2984 adversariae
631 2926 748 2985 factioni
770 2946 827 3004 quo
853 2927 970 2984 facilius
990 2944 1033 2984 re-

123 3003 268 3072 sisterent,
283 3000 436 3061 Laconum
450 3005 537 3062 rebus
551 3005 720 3064 studebant:
746 3006 832 3082 idque
846 3025 899 3063 suo
913 3005 1033 3082 privato,

124 3099 181 3138 non
196 3080 321 3156 publico,
337 3079 406 3139 iecit
420 3083 549 3142 consilio.
591 3083 659 3149 Quo
673 3083 749 3142 facto
763 3103 830 3140 eum
850 3082 1033 3143 Lacedaemo·
1055 3091 1069 3145 ι’

123 3161 164 3216 nii
179 3159 216 3216 ab
238 3160 369 3217 exercitu
384 3173 570 3220 removerunt
583 3163 766 3238 pecuniaque
785 3162 963 3222 multarunt:
984 3182 1033 3222 na-

122 3257 180 3314 que
205 3257 241 3296 eo
261 3239 356 3316 magis
380 3257 477 3297 arcem
499 3235 648 3298 Thebanis
662 3240 856 3312 reddiderunt,
871 3243 947 3320 quod
971 3263 1033 3303 sus·

122 3317 215 3395 ceptis
235 3317 394 3375 inimicitiis
408 3319 499 3376 satius
519 3319 664 3377 ducebant
677 3339 726 3378 eos
739 3319 872 3392 obsideri,
887 3342 975 3400 quam
1000 3323 1033 3381 li·

123 3396 230 3453 bereri.
273 3395 352 3454 Nam
373 3407 435 3472 post
455 3397 694 3474 Peloponnesium
719 3399 828 3457 bellum
844 3401 1033 3478 Athenasque

121 3473 253 3533 devictas
267 3493 336 3532 cum
359 3474 510 3534 Thebanis
530 3477 585 3534 sibi
607 3495 669 3534 rem
690 3497 753 3536 esse
778 3480 989 3549 existimabant,
1005 3489 1034 3536 et
1105 3498 1113 3549 ¹,
1160 3522 1165 3533 ,

121 3571 174 3643 eos
185 3572 250 3641 csse
257 3552 354 3645 golps,
377 3554 428 3630 qui
453 3554 594 3613 adversus
617 3556 750 3614 resistere
775 3557 924 3629 auderent.
965 3557 1032 3616 Hao
1053 3563 1070 3616 4
1098 3558 1109 3627 :³

122 3641 219 3692 mente
233 3648 337 3691 amicis
350 3633 410 3691 suis
423 3644 725 3772 summas6qotestates
738 3633 885 3706 dederant,
900 3634 1031 3694 alterius-
