<?xml version="1.0" encoding="UTF-8"?>
<!DOCTYPE html PUBLIC "-//W3C//DTD XHTML 1.0 Transitional//EN"
    "http://www.w3.org/TR/xhtml1/DTD/xhtml1-transitional.dtd">
<html xmlns="http://www.w3.org/1999/xhtml" xml:lang="en" lang="en">
 <head>
  <title>
</title>
<meta http-equiv="Content-Type" content="text/html;charset=utf-8" />
  <meta name='ocr-system' content='tesseract 3.04.00' />
  <meta name='ocr-capabilities' content='ocr_page ocr_carea ocr_par ocr_line ocrx_word'/>
</head>
<body>
  <div class='ocr_page' id='page_1' title='image "./corneliusneposw06nepogoog_0066.png"; bbox 0 0 2378 4036; ppageno 0'>
   <div class='ocr_carea' id='block_1_1' title="bbox 344 256 1037 344">
    <p class='ocr_par' dir='ltr' id='par_1_1' title="bbox 344 256 1037 344">
     <span class='ocr_line' id='line_1_1' title="bbox 344 256 1037 344; baseline 0.006 -20"><span class='ocrx_word' id='word_1_1' title='bbox 344 256 418 324; x_wconf 83' lang='lat' dir='ltr'>XV.</span> <span class='ocrx_word' id='word_1_2' title='bbox 488 309 492 321; x_wconf 76' lang='grc'><strong>,</strong></span> <span class='ocrx_word' id='word_1_3' title='bbox 540 257 822 344; x_wconf 66' lang='lat' dir='ltr'>(repentinam.)</span> <span class='ocrx_word' id='word_1_4' title='bbox 995 266 1037 328; x_wconf 71' lang='grc' dir='ltr'>ὅθ</span> 
     </span>
    </p>
   </div>
   <div class='ocr_carea' id='block_1_2' title="bbox 122 410 1077 2388">
    <p class='ocr_par' dir='ltr' id='par_1_2' title="bbox 122 410 1077 2388">
     <span class='ocr_line' id='line_1_2' title="bbox 166 410 1075 488; baseline 0.006 -16"><span class='ocrx_word' id='word_1_5' title='bbox 166 410 217 472; x_wconf 87' lang='grc' dir='ltr'>ΧΙ.</span> <span class='ocrx_word' id='word_1_6' title='bbox 239 411 272 472; x_wconf 94' lang='lat' dir='ltr'>ld</span> <span class='ocrx_word' id='word_1_7' title='bbox 293 431 386 488; x_wconf 90' lang='lat' dir='ltr'>quum</span> <span class='ocrx_word' id='word_1_8' title='bbox 400 415 470 472; x_wconf 87' lang='lat' dir='ltr'>satis</span> <span class='ocrx_word' id='word_1_9' title='bbox 490 433 522 472; x_wconf 85' lang='lat' dir='ltr'>se</span> <span class='ocrx_word' id='word_1_10' title='bbox 536 413 723 472; x_wconf 84' lang='lat' dir='ltr'>confirmasse</span> <span class='ocrx_word' id='word_1_11' title='bbox 738 412 894 473; x_wconf 76' lang='lat' dir='ltr'><strong>arbitratus</strong></span> <span class='ocrx_word' id='word_1_12' title='bbox 908 425 960 486; x_wconf 92' lang='lat' dir='ltr'>est,</span> <span class='ocrx_word' id='word_1_13' title='bbox 975 434 1037 475; x_wconf 84' lang='lat' dir='ltr'>cer·</span> <span class='ocrx_word' id='word_1_14' title='bbox 1061 420 1075 477; x_wconf 91' lang='lat'>1</span> 
     </span>
     <span class='ocr_line' id='line_1_3' title="bbox 125 490 1037 569; baseline 0.003 -19"><span class='ocrx_word' id='word_1_15' title='bbox 125 493 226 550; x_wconf 82' lang='lat' dir='ltr'>tiorern</span> <span class='ocrx_word' id='word_1_16' title='bbox 251 491 320 550; x_wconf 85' lang='lat' dir='ltr'>facit</span> <span class='ocrx_word' id='word_1_17' title='bbox 342 490 506 563; x_wconf 89' lang='lat' dir='ltr'>Datamem,</span> <span class='ocrx_word' id='word_1_18' title='bbox 521 503 636 569; x_wconf 87' lang='lat' dir='ltr'>tempus</span> <span class='ocrx_word' id='word_1_19' title='bbox 655 511 727 561; x_wconf 87' lang='lat' dir='ltr'>esse,</span> <span class='ocrx_word' id='word_1_20' title='bbox 750 492 875 568; x_wconf 90' lang='lat' dir='ltr'>majores</span> <span class='ocrx_word' id='word_1_21' title='bbox 888 495 1037 554; x_wconf 85' lang='lat' dir='ltr'>exercitus</span> 
     </span>
     <span class='ocr_line' id='line_1_4' title="bbox 125 571 1037 648; baseline 0.007 -20"><span class='ocrx_word' id='word_1_22' title='bbox 125 571 232 648; x_wconf 89' lang='lat' dir='ltr'>parari,</span> <span class='ocrx_word' id='word_1_23' title='bbox 247 581 276 629; x_wconf 89' lang='lat' dir='ltr'>et</span> <span class='ocrx_word' id='word_1_24' title='bbox 299 571 409 628; x_wconf 88' lang='lat' dir='ltr'>bellurn</span> <span class='ocrx_word' id='word_1_25' title='bbox 423 591 492 630; x_wconf 92' lang='lat' dir='ltr'>cum</span> <span class='ocrx_word' id='word_1_26' title='bbox 518 572 579 648; x_wconf 88' lang='lat' dir='ltr'>ipso</span> <span class='ocrx_word' id='word_1_27' title='bbox 596 589 665 648; x_wconf 90' lang='lat' dir='ltr'>rege</span> <span class='ocrx_word' id='word_1_28' title='bbox 680 571 807 647; x_wconf 86' lang='lat' dir='ltr'>suscipi3</span> <span class='ocrx_word' id='word_1_29' title='bbox 831 571 924 647; x_wconf 86' lang='lat' dir='ltr'>deque</span> <span class='ocrx_word' id='word_1_30' title='bbox 946 594 981 632; x_wconf 88' lang='lat' dir='ltr'>ea</span> <span class='ocrx_word' id='word_1_31' title='bbox 996 592 1037 646; x_wconf 84' lang='lat' dir='ltr'>re,</span> 
     </span>
     <span class='ocr_line' id='line_1_5' title="bbox 125 649 1036 727; baseline 0.007 -21"><span class='ocrx_word' id='word_1_32' title='bbox 125 650 149 706; x_wconf 92' lang='lat' dir='ltr'>si</span> <span class='ocrx_word' id='word_1_33' title='bbox 173 651 201 708; x_wconf 88' lang='lat' dir='ltr'>ei</span> <span class='ocrx_word' id='word_1_34' title='bbox 222 649 380 719; x_wconf 87' lang='lat' dir='ltr'>videretur,</span> <span class='ocrx_word' id='word_1_35' title='bbox 400 670 459 727; x_wconf 91' lang='lat' dir='ltr'>quo</span> <span class='ocrx_word' id='word_1_36' title='bbox 473 651 537 708; x_wconf 91' lang='lat' dir='ltr'>loco</span> <span class='ocrx_word' id='word_1_37' title='bbox 551 651 647 720; x_wconf 88' lang='lat' dir='ltr'>vellet,</span> <span class='ocrx_word' id='word_1_38' title='bbox 671 651 701 707; x_wconf 93' lang='lat' dir='ltr'>in</span> <span class='ocrx_word' id='word_1_39' title='bbox 723 650 899 726; x_wconf 83' lang='lat' dir='ltr'>colloquium</span> <span class='ocrx_word' id='word_1_40' title='bbox 914 653 1036 712; x_wconf 86' lang='lat' dir='ltr'>veniret.</span> 
     </span>
     <span class='ocr_line' id='line_1_6' title="bbox 125 727 1038 809; baseline 0.005 -24"><span class='ocrx_word' id='word_1_41' title='bbox 125 727 249 787; x_wconf 79' lang='lat' dir='ltr'>Probata</span> <span class='ocrx_word' id='word_1_42' title='bbox 263 747 305 798; x_wconf 92' lang='lat' dir='ltr'>re,</span> <span class='ocrx_word' id='word_1_43' title='bbox 327 729 511 804; x_wconf 88' lang='lat' dir='ltr'>colloquendi</span> <span class='ocrx_word' id='word_1_44' title='bbox 532 740 647 806; x_wconf 87' lang='lat' dir='ltr'>tempus</span> <span class='ocrx_word' id='word_1_45' title='bbox 667 729 801 798; x_wconf 85' lang='lat' dir='ltr'>sumitur,</span> <span class='ocrx_word' id='word_1_46' title='bbox 817 730 965 806; x_wconf 88' lang='lat' dir='ltr'>locusque,</span> <span class='ocrx_word' id='word_1_47' title='bbox 980 750 1038 809; x_wconf 91' lang='lat' dir='ltr'>quo</span> 
     </span>
     <span class='ocr_line' id='line_1_7' title="bbox 125 807 1076 877; baseline 0.003 -12"><span class='ocrx_word' id='word_1_48' title='bbox 125 809 338 866; x_wconf 85' lang='lat' dir='ltr'>conveniretur.</span> <span class='ocrx_word' id='word_1_49' title='bbox 369 807 438 865; x_wconf 88' lang='lat' dir='ltr'>Huc</span> <span class='ocrx_word' id='word_1_50' title='bbox 454 807 636 865; x_wconf 85' lang='lat' dir='ltr'>Mithridates</span> <span class='ocrx_word' id='word_1_51' title='bbox 650 827 718 864; x_wconf 92' lang='lat' dir='ltr'>cum</span> <span class='ocrx_word' id='word_1_52' title='bbox 734 826 801 877; x_wconf 90' lang='lat' dir='ltr'>uno,</span> <span class='ocrx_word' id='word_1_53' title='bbox 816 809 865 864; x_wconf 92' lang='lat' dir='ltr'>cui</span> <span class='ocrx_word' id='word_1_54' title='bbox 880 811 1037 868; x_wconf 85' lang='lat' dir='ltr'>maximam</span> <span class='ocrx_word' id='word_1_55' title='bbox 1058 813 1076 867; x_wconf 65' lang='grc' dir='ltr'><strong>Ξ</strong></span> 
     </span>
     <span class='ocr_line' id='line_1_8' title="bbox 124 885 1037 966; baseline 0.005 -22"><span class='ocrx_word' id='word_1_56' title='bbox 124 885 249 944; x_wconf 91' lang='lat' dir='ltr'>babebat</span> <span class='ocrx_word' id='word_1_57' title='bbox 269 886 364 956; x_wconf 88' lang='lat' dir='ltr'>fidem,</span> <span class='ocrx_word' id='word_1_58' title='bbox 381 898 447 944; x_wconf 89' lang='lat' dir='ltr'>ante</span> <span class='ocrx_word' id='word_1_59' title='bbox 466 887 574 962; x_wconf 80' lang='lat' dir='ltr'>aliquot</span> <span class='ocrx_word' id='word_1_60' title='bbox 595 886 656 944; x_wconf 89' lang='lat' dir='ltr'>dies</span> <span class='ocrx_word' id='word_1_61' title='bbox 671 888 758 956; x_wconf 90' lang='lat' dir='ltr'>venit,</span> <span class='ocrx_word' id='word_1_62' title='bbox 780 887 1037 966; x_wconf 84' lang='lat' dir='ltr'>compluribusque</span> 
     </span>
     <span class='ocr_line' id='line_1_9' title="bbox 124 964 1038 1046; baseline 0.004 -23"><span class='ocrx_word' id='word_1_63' title='bbox 124 964 196 1023; x_wconf 84' lang='lat' dir='ltr'>locis</span> <span class='ocrx_word' id='word_1_64' title='bbox 224 966 380 1041; x_wconf 87' lang='lat' dir='ltr'>separatim</span> <span class='ocrx_word' id='word_1_65' title='bbox 407 966 518 1044; x_wconf 85' lang='lat' dir='ltr'>gladios</span> <span class='ocrx_word' id='word_1_66' title='bbox 546 965 649 1036; x_wconf 90' lang='lat' dir='ltr'>obruit,</span> <span class='ocrx_word' id='word_1_67' title='bbox 676 985 768 1042; x_wconf 89' lang='lat' dir='ltr'>eaque</span> <span class='ocrx_word' id='word_1_68' title='bbox 796 965 860 1023; x_wconf 91' lang='lat' dir='ltr'>loca</span> <span class='ocrx_word' id='word_1_69' title='bbox 884 967 1038 1046; x_wconf 85' lang='lat' dir='ltr'>diligenter</span> 
     </span>
     <span class='ocr_line' id='line_1_10' title="bbox 124 1044 1037 1125; baseline 0.004 -24"><span class='ocrx_word' id='word_1_70' title='bbox 124 1055 212 1102; x_wconf 88' lang='lat' dir='ltr'>notat.</span> <span class='ocrx_word' id='word_1_71' title='bbox 256 1044 320 1120; x_wconf 92' lang='lat' dir='ltr'>lpso</span> <span class='ocrx_word' id='word_1_72' title='bbox 335 1055 434 1102; x_wconf 90' lang='lat' dir='ltr'>autem</span> <span class='ocrx_word' id='word_1_73' title='bbox 455 1045 636 1121; x_wconf 90' lang='lat' dir='ltr'>colloquendi</span> <span class='ocrx_word' id='word_1_74' title='bbox 661 1045 707 1102; x_wconf 90' lang='lat' dir='ltr'>die</span> <span class='ocrx_word' id='word_1_75' title='bbox 729 1045 853 1118; x_wconf 89' lang='lat' dir='ltr'>utrique,</span> <span class='ocrx_word' id='word_1_76' title='bbox 868 1045 965 1104; x_wconf 90' lang='lat' dir='ltr'>locum</span> <span class='ocrx_word' id='word_1_77' title='bbox 986 1049 1037 1125; x_wconf 91' lang='lat' dir='ltr'>qui</span> 
     </span>
     <span class='ocr_line' id='line_1_11' title="bbox 124 1123 1037 1201; baseline 0.005 -21"><span class='ocrx_word' id='word_1_78' title='bbox 124 1123 317 1200; x_wconf 83' lang='lat' dir='ltr'>explorarent,</span> <span class='ocrx_word' id='word_1_79' title='bbox 333 1135 419 1200; x_wconf 85' lang='lat' dir='ltr'>atque</span> <span class='ocrx_word' id='word_1_80' title='bbox 440 1125 516 1201; x_wconf 90' lang='lat' dir='ltr'>ipsos</span> <span class='ocrx_word' id='word_1_81' title='bbox 530 1135 740 1192; x_wconf 86' lang='lat' dir='ltr'>scrutarentur,</span> <span class='ocrx_word' id='word_1_82' title='bbox 756 1125 881 1182; x_wconf 89' lang='lat' dir='ltr'>mittunt.</span> <span class='ocrx_word' id='word_1_83' title='bbox 925 1124 1037 1185; x_wconf 86' lang='lat' dir='ltr'>Deinde</span> 
     </span>
     <span class='ocr_line' id='line_1_12' title="bbox 124 1202 1076 1280; baseline 0.002 -22"><span class='ocrx_word' id='word_1_84' title='bbox 124 1202 177 1278; x_wconf 86' lang='lat' dir='ltr'>ipsi</span> <span class='ocrx_word' id='word_1_85' title='bbox 192 1213 260 1261; x_wconf 87' lang='lat' dir='ltr'>sunt</span> <span class='ocrx_word' id='word_1_86' title='bbox 274 1205 433 1279; x_wconf 84' lang='lat' dir='ltr'>congressi.</span> <span class='ocrx_word' id='word_1_87' title='bbox 478 1203 536 1262; x_wconf 91' lang='lat' dir='ltr'>Hic</span> <span class='ocrx_word' id='word_1_88' title='bbox 550 1223 641 1280; x_wconf 89' lang='lat' dir='ltr'>quum</span> <span class='ocrx_word' id='word_1_89' title='bbox 657 1203 835 1280; x_wconf 87' lang='lat' dir='ltr'>aliquamdiu</span> <span class='ocrx_word' id='word_1_90' title='bbox 849 1203 880 1260; x_wconf 92' lang='lat' dir='ltr'>in</span> <span class='ocrx_word' id='word_1_91' title='bbox 894 1205 1038 1280; x_wconf 89' lang='lat' dir='ltr'>colloquio</span> <span class='ocrx_word' id='word_1_92' title='bbox 1058 1206 1076 1260; x_wconf 85' lang='grc'><strong>3</strong></span> 
     </span>
     <span class='ocr_line' id='line_1_13' title="bbox 124 1279 1038 1359; baseline 0.007 -22"><span class='ocrx_word' id='word_1_93' title='bbox 124 1279 254 1351; x_wconf 80' lang='lat' dir='ltr'>fuissent,</span> <span class='ocrx_word' id='word_1_94' title='bbox 269 1292 297 1339; x_wconf 87' lang='lat' dir='ltr'>et</span> <span class='ocrx_word' id='word_1_95' title='bbox 312 1281 419 1339; x_wconf 90' lang='lat' dir='ltr'>diversi</span> <span class='ocrx_word' id='word_1_96' title='bbox 433 1282 639 1352; x_wconf 88' lang='lat' dir='ltr'>discessissent,</span> <span class='ocrx_word' id='word_1_97' title='bbox 652 1283 772 1359; x_wconf 88' lang='lat' dir='ltr'>jamque</span> <span class='ocrx_word' id='word_1_98' title='bbox 782 1284 883 1358; x_wconf 90' lang='lat' dir='ltr'>procul</span> <span class='ocrx_word' id='word_1_99' title='bbox 898 1281 1038 1343; x_wconf 86' lang='lat' dir='ltr'>Datames</span> 
     </span>
     <span class='ocr_line' id='line_1_14' title="bbox 123 1356 1037 1439; baseline 0.007 -23"><span class='ocrx_word' id='word_1_100' title='bbox 123 1360 255 1418; x_wconf 90' lang='lat' dir='ltr'>abesset:</span> <span class='ocrx_word' id='word_1_101' title='bbox 279 1359 469 1431; x_wconf 87' lang='lat' dir='ltr'>Mithridates,</span> <span class='ocrx_word' id='word_1_102' title='bbox 485 1364 655 1439; x_wconf 86' lang='lat' dir='ltr'>priusquam</span> <span class='ocrx_word' id='word_1_103' title='bbox 678 1360 713 1419; x_wconf 89' lang='lat' dir='ltr'>ad</span> <span class='ocrx_word' id='word_1_104' title='bbox 728 1356 796 1419; x_wconf 80' lang='lat' dir='ltr'>s&#39;uos</span> <span class='ocrx_word' id='word_1_105' title='bbox 810 1364 984 1437; x_wconf 86' lang='lat' dir='ltr'>perveniret,</span> <span class='ocrx_word' id='word_1_106' title='bbox 1000 1383 1037 1423; x_wconf 88' lang='lat' dir='ltr'>ne</span> 
     </span>
     <span class='ocr_line' id='line_1_15' title="bbox 122 1441 1036 1518; baseline 0.004 -22"><span class='ocrx_word' id='word_1_107' title='bbox 122 1457 211 1514; x_wconf 91' lang='lat' dir='ltr'>quarn</span> <span class='ocrx_word' id='word_1_108' title='bbox 226 1441 420 1516; x_wconf 89' lang='lat' dir='ltr'>suspicionem</span> <span class='ocrx_word' id='word_1_109' title='bbox 436 1453 560 1518; x_wconf 91' lang='lat' dir='ltr'>pareret,</span> <span class='ocrx_word' id='word_1_110' title='bbox 568 1443 597 1498; x_wconf 91' lang='lat' dir='ltr'>in</span> <span class='ocrx_word' id='word_1_111' title='bbox 610 1441 744 1498; x_wconf 89' lang='lat' dir='ltr'>eumdem</span> <span class='ocrx_word' id='word_1_112' title='bbox 759 1441 855 1498; x_wconf 89' lang='lat' dir='ltr'>locum</span> <span class='ocrx_word' id='word_1_113' title='bbox 872 1445 1036 1514; x_wconf 88' lang='lat' dir='ltr'>revertitur,</span> 
     </span>
     <span class='ocr_line' id='line_1_16' title="bbox 124 1518 1036 1600; baseline 0.005 -26"><span class='ocrx_word' id='word_1_114' title='bbox 124 1527 210 1594; x_wconf 91' lang='lat' dir='ltr'>atque</span> <span class='ocrx_word' id='word_1_115' title='bbox 232 1518 281 1588; x_wconf 92' lang='lat' dir='ltr'>ibi,</span> <span class='ocrx_word' id='word_1_116' title='bbox 297 1519 346 1576; x_wconf 93' lang='lat' dir='ltr'>ubi</span> <span class='ocrx_word' id='word_1_117' title='bbox 371 1519 461 1576; x_wconf 89' lang='lat' dir='ltr'>telum</span> <span class='ocrx_word' id='word_1_118' title='bbox 483 1531 545 1578; x_wconf 88' lang='lat' dir='ltr'>erat</span> <span class='ocrx_word' id='word_1_119' title='bbox 570 1521 744 1596; x_wconf 86' lang='lat' dir='ltr'>impositum,</span> <span class='ocrx_word' id='word_1_120' title='bbox 761 1519 875 1589; x_wconf 87' lang='lat' dir='ltr'>resedit,</span> <span class='ocrx_word' id='word_1_121' title='bbox 892 1532 923 1578; x_wconf 91' lang='lat' dir='ltr'>ut</span> <span class='ocrx_word' id='word_1_122' title='bbox 943 1522 968 1579; x_wconf 91' lang='lat' dir='ltr'>si</span> <span class='ocrx_word' id='word_1_123' title='bbox 990 1522 1036 1600; x_wconf 95' lang='lat' dir='ltr'>[a]</span> 
     </span>
     <span class='ocr_line' id='line_1_17' title="bbox 124 1596 1036 1676; baseline 0.007 -24"><span class='ocrx_word' id='word_1_124' title='bbox 124 1596 293 1655; x_wconf 88' lang='lat' dir='ltr'>lassitudine</span> <span class='ocrx_word' id='word_1_125' title='bbox 308 1609 430 1674; x_wconf 90' lang='lat' dir='ltr'>cuperet</span> <span class='ocrx_word' id='word_1_126' title='bbox 445 1601 643 1676; x_wconf 89' lang='lat' dir='ltr'>acquiescere,</span> <span class='ocrx_word' id='word_1_127' title='bbox 656 1597 868 1674; x_wconf 87' lang='lat' dir='ltr'>Datamemque</span> <span class='ocrx_word' id='word_1_128' title='bbox 881 1602 1036 1671; x_wconf 90' lang='lat' dir='ltr'>revocavit,</span> 
     </span>
     <span class='ocr_line' id='line_1_18' title="bbox 122 1676 1077 1754; baseline 0.002 -22"><span class='ocrx_word' id='word_1_129' title='bbox 122 1676 275 1746; x_wconf 90' lang='lat' dir='ltr'>simulans,</span> <span class='ocrx_word' id='word_1_130' title='bbox 290 1697 321 1734; x_wconf 93' lang='lat' dir='ltr'>se</span> <span class='ocrx_word' id='word_1_131' title='bbox 343 1677 480 1754; x_wconf 91' lang='lat' dir='ltr'>quiddam</span> <span class='ocrx_word' id='word_1_132' title='bbox 501 1679 531 1735; x_wconf 91' lang='lat' dir='ltr'>in</span> <span class='ocrx_word' id='word_1_133' title='bbox 546 1679 689 1754; x_wconf 89' lang='lat' dir='ltr'>colloquio</span> <span class='ocrx_word' id='word_1_134' title='bbox 711 1697 773 1734; x_wconf 88' lang='lat' dir='ltr'>esse</span> <span class='ocrx_word' id='word_1_135' title='bbox 788 1678 918 1735; x_wconf 90' lang='lat' dir='ltr'>oblitum.</span> <span class='ocrx_word' id='word_1_136' title='bbox 962 1679 1036 1736; x_wconf 87' lang='lat' dir='ltr'>Inte·</span> <span class='ocrx_word' id='word_1_137' title='bbox 1057 1681 1077 1734; x_wconf 80' lang='lat'>4</span> 
     </span>
     <span class='ocr_line' id='line_1_19' title="bbox 124 1755 1037 1835; baseline 0.004 -24"><span class='ocrx_word' id='word_1_138' title='bbox 124 1755 177 1812; x_wconf 92' lang='lat' dir='ltr'>rim</span> <span class='ocrx_word' id='word_1_139' title='bbox 201 1755 303 1826; x_wconf 92' lang='lat' dir='ltr'>telum,</span> <span class='ocrx_word' id='word_1_140' title='bbox 326 1756 401 1833; x_wconf 90' lang='lat' dir='ltr'>quod</span> <span class='ocrx_word' id='word_1_141' title='bbox 425 1756 540 1827; x_wconf 88' lang='lat' dir='ltr'>latebat,</span> <span class='ocrx_word' id='word_1_142' title='bbox 568 1757 686 1835; x_wconf 87' lang='lat' dir='ltr'>protulit</span> <span class='ocrx_word' id='word_1_143' title='bbox 711 1756 909 1830; x_wconf 88' lang='lat' dir='ltr'>nudatumque</span> <span class='ocrx_word' id='word_1_144' title='bbox 931 1759 1037 1834; x_wconf 85' lang='lat' dir='ltr'>vagina</span> 
     </span>
     <span class='ocr_line' id='line_1_20' title="bbox 123 1833 1037 1910; baseline 0 -19"><span class='ocrx_word' id='word_1_145' title='bbox 123 1843 203 1892; x_wconf 86' lang='lat' dir='ltr'>veste</span> <span class='ocrx_word' id='word_1_146' title='bbox 218 1836 298 1904; x_wconf 84' lang='lat' dir='ltr'>texit,</span> <span class='ocrx_word' id='word_1_147' title='bbox 319 1855 354 1892; x_wconf 91' lang='lat' dir='ltr'>ac</span> <span class='ocrx_word' id='word_1_148' title='bbox 368 1833 487 1893; x_wconf 89' lang='lat' dir='ltr'>Datami</span> <span class='ocrx_word' id='word_1_149' title='bbox 502 1837 629 1894; x_wconf 89' lang='lat' dir='ltr'>venienti</span> <span class='ocrx_word' id='word_1_150' title='bbox 645 1836 692 1904; x_wconf 86' lang='lat' dir='ltr'>ait,</span> <span class='ocrx_word' id='word_1_151' title='bbox 708 1834 916 1910; x_wconf 88' lang='lat' dir='ltr'>digredientem</span> <span class='ocrx_word' id='word_1_152' title='bbox 931 1855 962 1892; x_wconf 90' lang='lat' dir='ltr'>se</span> <span class='ocrx_word' id='word_1_153' title='bbox 977 1836 1037 1892; x_wconf 89' lang='lat' dir='ltr'>ani-</span> 
     </span>
     <span class='ocr_line' id='line_1_21' title="bbox 124 1913 1038 1992; baseline 0.001 -23"><span class='ocrx_word' id='word_1_154' title='bbox 124 1913 320 1983; x_wconf 84' lang='lat' dir='ltr'>madvertisse,</span> <span class='ocrx_word' id='word_1_155' title='bbox 335 1914 433 1972; x_wconf 92' lang='lat' dir='ltr'>locum</span> <span class='ocrx_word' id='word_1_156' title='bbox 447 1915 613 1992; x_wconf 85' lang='lat' dir='ltr'>quamdam,</span> <span class='ocrx_word' id='word_1_157' title='bbox 628 1915 679 1990; x_wconf 91' lang='lat' dir='ltr'>qui</span> <span class='ocrx_word' id='word_1_158' title='bbox 694 1923 756 1971; x_wconf 89' lang='lat' dir='ltr'>erat</span> <span class='ocrx_word' id='word_1_159' title='bbox 775 1913 805 1968; x_wconf 93' lang='lat' dir='ltr'>in</span> <span class='ocrx_word' id='word_1_160' title='bbox 820 1924 985 1988; x_wconf 90' lang='lat' dir='ltr'>conspectu,</span> <span class='ocrx_word' id='word_1_161' title='bbox 1002 1914 1038 1971; x_wconf 92' lang='lat' dir='ltr'>ad</span> 
     </span>
     <span class='ocr_line' id='line_1_22' title="bbox 122 1992 1077 2069; baseline -0.001 -20"><span class='ocrx_word' id='word_1_162' title='bbox 122 2001 219 2049; x_wconf 87' lang='lat' dir='ltr'>castra</span> <span class='ocrx_word' id='word_1_163' title='bbox 240 1993 371 2069; x_wconf 90' lang='lat' dir='ltr'>ponenda</span> <span class='ocrx_word' id='word_1_164' title='bbox 386 2013 449 2052; x_wconf 90' lang='lat' dir='ltr'>esse</span> <span class='ocrx_word' id='word_1_165' title='bbox 472 1994 618 2052; x_wconf 89' lang='lat' dir='ltr'>idoneum.</span> <span class='ocrx_word' id='word_1_166' title='bbox 661 1993 759 2058; x_wconf 85' lang='lat' dir='ltr'>Quem</span> <span class='ocrx_word' id='word_1_167' title='bbox 774 2010 865 2068; x_wconf 91' lang='lat' dir='ltr'>quum</span> <span class='ocrx_word' id='word_1_168' title='bbox 887 1992 975 2069; x_wconf 90' lang='lat' dir='ltr'>digito</span> <span class='ocrx_word' id='word_1_169' title='bbox 990 1992 1037 2050; x_wconf 87' lang='lat' dir='ltr'>de·</span> <span class='ocrx_word' id='word_1_170' title='bbox 1059 1995 1077 2048; x_wconf 78' lang='lat'><strong>5</strong></span> 
     </span>
     <span class='ocr_line' id='line_1_23' title="bbox 123 2070 1035 2150; baseline 0.003 -23"><span class='ocrx_word' id='word_1_171' title='bbox 123 2081 302 2141; x_wconf 88' lang='lat' dir='ltr'>monstraret,</span> <span class='ocrx_word' id='word_1_172' title='bbox 318 2082 346 2129; x_wconf 87' lang='lat' dir='ltr'>et</span> <span class='ocrx_word' id='word_1_173' title='bbox 366 2074 416 2131; x_wconf 90' lang='lat' dir='ltr'>ille</span> <span class='ocrx_word' id='word_1_174' title='bbox 430 2075 618 2150; x_wconf 88' lang='lat' dir='ltr'>conspiceret,</span> <span class='ocrx_word' id='word_1_175' title='bbox 635 2090 771 2130; x_wconf 88' lang='lat' dir='ltr'>aversum</span> <span class='ocrx_word' id='word_1_176' title='bbox 787 2070 863 2129; x_wconf 86' lang='lat' dir='ltr'>ferro</span> <span class='ocrx_word' id='word_1_177' title='bbox 883 2072 1035 2144; x_wconf 86' lang='lat' dir='ltr'>transfixit,</span> 
     </span>
     <span class='ocr_line' id='line_1_24' title="bbox 124 2149 1036 2228; baseline 0.003 -21"><span class='ocrx_word' id='word_1_178' title='bbox 124 2151 272 2227; x_wconf 90' lang='lat' dir='ltr'>priusque,</span> <span class='ocrx_word' id='word_1_179' title='bbox 287 2169 375 2228; x_wconf 88' lang='lat' dir='ltr'>quam</span> <span class='ocrx_word' id='word_1_180' title='bbox 390 2153 544 2228; x_wconf 89' lang='lat' dir='ltr'>quisquam</span> <span class='ocrx_word' id='word_1_181' title='bbox 566 2161 659 2228; x_wconf 87' lang='lat' dir='ltr'>posset</span> <span class='ocrx_word' id='word_1_182' title='bbox 680 2169 865 2221; x_wconf 88' lang='lat' dir='ltr'>succurrere,</span> <span class='ocrx_word' id='word_1_183' title='bbox 880 2149 1036 2210; x_wconf 82' lang='lat' dir='ltr'>interiecit.</span> 
     </span>
     <span class='ocr_line' id='line_1_25' title="bbox 123 2227 1037 2310; baseline 0.002 -22"><span class='ocrx_word' id='word_1_184' title='bbox 123 2227 166 2288; x_wconf 90' lang='lat' dir='ltr'>lta</span> <span class='ocrx_word' id='word_1_185' title='bbox 179 2229 230 2288; x_wconf 90' lang='lat' dir='ltr'>ille</span> <span class='ocrx_word' id='word_1_186' title='bbox 246 2231 299 2300; x_wconf 89' lang='lat' dir='ltr'>vir,</span> <span class='ocrx_word' id='word_1_187' title='bbox 314 2231 365 2307; x_wconf 90' lang='lat' dir='ltr'>qui</span> <span class='ocrx_word' id='word_1_188' title='bbox 386 2231 493 2290; x_wconf 87' lang='lat' dir='ltr'>multos</span> <span class='ocrx_word' id='word_1_189' title='bbox 506 2232 635 2301; x_wconf 91' lang='lat' dir='ltr'>consilio,</span> <span class='ocrx_word' id='word_1_190' title='bbox 651 2232 796 2289; x_wconf 89' lang='lat' dir='ltr'>neminem</span> <span class='ocrx_word' id='word_1_191' title='bbox 818 2230 940 2306; x_wconf 84' lang='lat' dir='ltr'>perfidia</span> <span class='ocrx_word' id='word_1_192' title='bbox 954 2251 1037 2310; x_wconf 85' lang='lat' dir='ltr'>cepe·</span> 
     </span>
     <span class='ocr_line' id='line_1_26' title="bbox 123 2297 985 2388; baseline 0.005 -23"><span class='ocrx_word' id='word_1_193' title='bbox 123 2319 176 2381; x_wconf 74' lang='lat' dir='ltr'>rat,</span> <span class='ocrx_word' id='word_1_194' title='bbox 192 2309 329 2368; x_wconf 86' lang='lat' dir='ltr'>simulata</span> <span class='ocrx_word' id='word_1_195' title='bbox 343 2320 447 2388; x_wconf 89' lang='lat' dir='ltr'>captus</span> <span class='ocrx_word' id='word_1_196' title='bbox 461 2321 504 2370; x_wconf 87' lang='lat' dir='ltr'>est</span> <span class='ocrx_word' id='word_1_197' title='bbox 519 2311 657 2370; x_wconf 89' lang='lat' dir='ltr'>amicitia.</span> <span class='ocrx_word' id='word_1_198' title='bbox 934 2300 940 2333; x_wconf 67' lang='lat'><em>³</em></span> <span class='ocrx_word' id='word_1_199' title='bbox 973 2297 985 2333; x_wconf 55' lang='lat' dir='ltr'>f</span> 
     </span>
    </p>
   </div>
   <div class='ocr_carea' id='block_1_3' title="bbox 415 2328 1173 2605">
    <p class='ocr_par' dir='ltr' id='par_1_3' title="bbox 415 2328 1173 2605">
     <span class='ocr_line' id='line_1_27' title="bbox 721 2328 1173 2457; baseline 0 -1"><span class='ocrx_word' id='word_1_200' title='bbox 721 2328 1173 2457; x_wconf 36' lang='lat' dir='ltr'>ebdblsffldl</span> 
     </span>
     <span class='ocr_line' id='line_1_28' title="bbox 415 2405 1133 2605; baseline -0.006 -43"><span class='ocrx_word' id='word_1_201' title='bbox 415 2405 758 2563; x_wconf 68' lang='lat' dir='ltr'>-—‘l&#39;-l</span> <span class='ocrx_word' id='word_1_202' title='bbox 856 2449 1083 2605; x_wconf 45' lang='lat' dir='ltr'>lausi&amp;</span> <span class='ocrx_word' id='word_1_203' title='bbox 1125 2434 1133 2503; x_wconf 75' lang='lat'>&#39;¹</span> 
     </span>
    </p>
   </div>
   <div class='ocr_carea' id='block_1_4' title="bbox 222 2718 921 2798">
    <p class='ocr_par' dir='ltr' id='par_1_4' title="bbox 222 2718 921 2798">
     <span class='ocr_line' id='line_1_29' title="bbox 222 2718 921 2798; baseline 0.006 -5"><span class='ocrx_word' id='word_1_204' title='bbox 222 2718 330 2793; x_wconf 88' lang='lat' dir='ltr'>XV.</span> <span class='ocrx_word' id='word_1_205' title='bbox 392 2720 921 2798; x_wconf 85' lang='lat' dir='ltr'>EPAMINONDAS.</span> 
     </span>
    </p>
   </div>
   <div class='ocr_carea' id='block_1_5' title="bbox 120 3015 1097 3734">
    <p class='ocr_par' dir='ltr' id='par_1_5' title="bbox 120 3015 1097 3734">
     <span class='ocr_line' id='line_1_30' title="bbox 160 3015 1073 3106; baseline 0 -30"><span class='ocrx_word' id='word_1_206' title='bbox 160 3017 185 3076; x_wconf 88' lang='lat' dir='ltr'>l.</span> <span class='ocrx_word' id='word_1_207' title='bbox 209 3015 431 3092; x_wconf 70' lang='lat' dir='ltr'>Epaminmsdm,</span> <span class='ocrx_word' id='word_1_208' title='bbox 453 3018 585 3093; x_wconf 82' lang='lat' dir='ltr'>Polymni</span> <span class='ocrx_word' id='word_1_209' title='bbox 595 3021 689 3100; x_wconf 82' lang='lat' dir='ltr'>filias,</span> <span class='ocrx_word' id='word_1_210' title='bbox 712 3019 869 3077; x_wconf 67' lang='lat' dir='ltr'>arrabanus.</span> <span class='ocrx_word' id='word_1_211' title='bbox 912 3017 957 3076; x_wconf 89' lang='lat' dir='ltr'>De</span> <span class='ocrx_word' id='word_1_212' title='bbox 982 3019 1036 3076; x_wconf 90' lang='lat' dir='ltr'>boc</span> <span class='ocrx_word' id='word_1_213' title='bbox 1059 3023 1073 3106; x_wconf 61' lang='lat' dir='ltr'>l</span> 
     </span>
     <span class='ocr_line' id='line_1_31' title="bbox 121 3096 1035 3175; baseline 0 -20"><span class='ocrx_word' id='word_1_214' title='bbox 121 3098 292 3174; x_wconf 88' lang='lat' dir='ltr'>priusquam</span> <span class='ocrx_word' id='word_1_215' title='bbox 307 3099 479 3168; x_wconf 91' lang='lat' dir='ltr'>scribamus,</span> <span class='ocrx_word' id='word_1_216' title='bbox 501 3099 564 3157; x_wconf 89' lang='lat' dir='ltr'>baec</span> <span class='ocrx_word' id='word_1_217' title='bbox 578 3098 773 3175; x_wconf 73' lang='lat' dir='ltr'>praecipienda</span> <span class='ocrx_word' id='word_1_218' title='bbox 794 3096 930 3154; x_wconf 89' lang='lat' dir='ltr'>videntur</span> <span class='ocrx_word' id='word_1_219' title='bbox 948 3097 1035 3157; x_wconf 87' lang='lat' dir='ltr'>lecto·</span> 
     </span>
     <span class='ocr_line' id='line_1_32' title="bbox 121 3175 1036 3254; baseline 0.001 -20"><span class='ocrx_word' id='word_1_220' title='bbox 121 3177 212 3245; x_wconf 91' lang='lat' dir='ltr'>ribus,</span> <span class='ocrx_word' id='word_1_221' title='bbox 228 3193 264 3232; x_wconf 92' lang='lat' dir='ltr'>ne</span> <span class='ocrx_word' id='word_1_222' title='bbox 280 3175 391 3235; x_wconf 89' lang='lat' dir='ltr'>alienos</span> <span class='ocrx_word' id='word_1_223' title='bbox 412 3196 506 3235; x_wconf 90' lang='lat' dir='ltr'>mores</span> <span class='ocrx_word' id='word_1_224' title='bbox 520 3178 557 3235; x_wconf 88' lang='lat' dir='ltr'>ad</span> <span class='ocrx_word' id='word_1_225' title='bbox 572 3197 639 3236; x_wconf 88' lang='lat' dir='ltr'>suos</span> <span class='ocrx_word' id='word_1_226' title='bbox 654 3176 801 3249; x_wconf 84' lang='lat' dir='ltr'>referant3</span> <span class='ocrx_word' id='word_1_227' title='bbox 825 3193 899 3233; x_wconf 91' lang='lat' dir='ltr'>neve</span> <span class='ocrx_word' id='word_1_228' title='bbox 914 3196 958 3246; x_wconf 89' lang='lat' dir='ltr'>ea,</span> <span class='ocrx_word' id='word_1_229' title='bbox 970 3194 1036 3254; x_wconf 81' lang='lat' dir='ltr'>quaa</span> 
     </span>
     <span class='ocr_line' id='line_1_33' title="bbox 121 3253 1034 3333; baseline 0.002 -21"><span class='ocrx_word' id='word_1_230' title='bbox 121 3256 191 3332; x_wconf 89' lang='lat' dir='ltr'>ipsis</span> <span class='ocrx_word' id='word_1_231' title='bbox 215 3254 327 3312; x_wconf 90' lang='lat' dir='ltr'>leviora</span> <span class='ocrx_word' id='word_1_232' title='bbox 347 3266 424 3326; x_wconf 87' lang='lat' dir='ltr'>sunt,</span> <span class='ocrx_word' id='word_1_233' title='bbox 445 3256 605 3332; x_wconf 88' lang='lat' dir='ltr'>parimodo</span> <span class='ocrx_word' id='word_1_234' title='bbox 620 3255 694 3333; x_wconf 89' lang='lat' dir='ltr'>apud</span> <span class='ocrx_word' id='word_1_235' title='bbox 717 3265 828 3313; x_wconf 88' lang='lat' dir='ltr'>ceteros</span> <span class='ocrx_word' id='word_1_236' title='bbox 851 3253 939 3314; x_wconf 79' lang='lat' dir='ltr'>fuisse</span> <span class='ocrx_word' id='word_1_237' title='bbox 960 3256 1034 3315; x_wconf 90' lang='lat' dir='ltr'>arbi·</span> 
     </span>
     <span class='ocr_line' id='line_1_34' title="bbox 122 3333 1074 3406; baseline 0.002 -14"><span class='ocrx_word' id='word_1_238' title='bbox 122 3345 243 3393; x_wconf 90' lang='lat' dir='ltr'>trentur.</span> <span class='ocrx_word' id='word_1_239' title='bbox 285 3333 403 3392; x_wconf 86' lang='lat' dir='ltr'>Scimus</span> <span class='ocrx_word' id='word_1_240' title='bbox 417 3337 505 3406; x_wconf 90' lang='lat' dir='ltr'>enim,</span> <span class='ocrx_word' id='word_1_241' title='bbox 518 3337 648 3394; x_wconf 89' lang='lat' dir='ltr'>musicen</span> <span class='ocrx_word' id='word_1_242' title='bbox 663 3335 768 3392; x_wconf 86' lang='lat' dir='ltr'>nostris</span> <span class='ocrx_word' id='word_1_243' title='bbox 789 3335 918 3394; x_wconf 90' lang='lat' dir='ltr'>moribus</span> <span class='ocrx_word' id='word_1_244' title='bbox 931 3337 1034 3395; x_wconf 85' lang='lat' dir='ltr'>abesse</span> <span class='ocrx_word' id='word_1_245' title='bbox 1054 3340 1074 3394; x_wconf 70' lang='lat'><strong>2</strong></span> 
     </span>
     <span class='ocr_line' id='line_1_35' title="bbox 121 3412 1097 3492; baseline -0.001 -21"><span class='ocrx_word' id='word_1_246' title='bbox 121 3433 139 3471; x_wconf 90' lang='lat' dir='ltr'>a</span> <span class='ocrx_word' id='word_1_247' title='bbox 159 3412 301 3490; x_wconf 86' lang='lat' dir='ltr'>principis</span> <span class='ocrx_word' id='word_1_248' title='bbox 321 3432 463 3489; x_wconf 87' lang='lat' dir='ltr'>persona3</span> <span class='ocrx_word' id='word_1_249' title='bbox 487 3415 594 3472; x_wconf 89' lang='lat' dir='ltr'>saltare</span> <span class='ocrx_word' id='word_1_250' title='bbox 609 3433 678 3471; x_wconf 85' lang='lat' dir='ltr'>vero</span> <span class='ocrx_word' id='word_1_251' title='bbox 692 3414 779 3471; x_wconf 91' lang='lat' dir='ltr'>etiam</span> <span class='ocrx_word' id='word_1_252' title='bbox 801 3415 830 3470; x_wconf 91' lang='lat' dir='ltr'>in</span> <span class='ocrx_word' id='word_1_253' title='bbox 853 3415 929 3472; x_wconf 80' lang='lat' dir='ltr'>vitlis</span> <span class='ocrx_word' id='word_1_254' title='bbox 950 3414 1034 3492; x_wconf 88' lang='lat' dir='ltr'>poni:</span> <span class='ocrx_word' id='word_1_255' title='bbox 1096 3482 1097 3486; x_wconf 5' lang='grc' dir='ltr'>ἵ</span> 
     </span>
     <span class='ocr_line' id='line_1_36' title="bbox 120 3491 1033 3570; baseline -0.003 -20"><span class='ocrx_word' id='word_1_256' title='bbox 120 3511 186 3569; x_wconf 78' lang='lat' dir='ltr'>quar</span> <span class='ocrx_word' id='word_1_257' title='bbox 207 3491 306 3550; x_wconf 90' lang='lat' dir='ltr'>omnia</span> <span class='ocrx_word' id='word_1_258' title='bbox 327 3492 403 3570; x_wconf 90' lang='lat' dir='ltr'>apud</span> <span class='ocrx_word' id='word_1_259' title='bbox 426 3492 545 3551; x_wconf 72' lang='lat' dir='ltr'>Graecos</span> <span class='ocrx_word' id='word_1_260' title='bbox 567 3503 595 3550; x_wconf 89' lang='lat' dir='ltr'>et</span> <span class='ocrx_word' id='word_1_261' title='bbox 611 3503 703 3569; x_wconf 86' lang='lat' dir='ltr'>grata,</span> <span class='ocrx_word' id='word_1_262' title='bbox 720 3503 747 3550; x_wconf 92' lang='lat' dir='ltr'>et</span> <span class='ocrx_word' id='word_1_263' title='bbox 772 3492 858 3550; x_wconf 89' lang='lat' dir='ltr'>laude</span> <span class='ocrx_word' id='word_1_264' title='bbox 879 3493 968 3570; x_wconf 87' lang='lat' dir='ltr'>digna</span> <span class='ocrx_word' id='word_1_265' title='bbox 982 3491 1033 3548; x_wconf 87' lang='lat' dir='ltr'>du·</span> 
     </span>
     <span class='ocr_line' id='line_1_37' title="bbox 121 3569 1074 3646; baseline -0.002 -16"><span class='ocrx_word' id='word_1_266' title='bbox 121 3581 239 3630; x_wconf 90' lang='lat' dir='ltr'>cuntur.</span> <span class='ocrx_word' id='word_1_267' title='bbox 282 3569 385 3637; x_wconf 86' lang='lat' dir='ltr'>Quum</span> <span class='ocrx_word' id='word_1_268' title='bbox 407 3581 505 3630; x_wconf 87' lang='lat' dir='ltr'>auteur</span> <span class='ocrx_word' id='word_1_269' title='bbox 526 3591 561 3629; x_wconf 81' lang='lat' dir='ltr'>ex</span> <span class='ocrx_word' id='word_1_270' title='bbox 583 3572 689 3629; x_wconf 84' lang='lat' dir='ltr'>rimare</span> <span class='ocrx_word' id='word_1_271' title='bbox 710 3571 867 3646; x_wconf 87' lang='lat' dir='ltr'>imaginem</span> <span class='ocrx_word' id='word_1_272' title='bbox 881 3577 1033 3628; x_wconf 89' lang='lat' dir='ltr'>consuetu·</span> <span class='ocrx_word' id='word_1_273' title='bbox 1054 3571 1074 3628; x_wconf 77' lang='lat'>8</span> 
     </span>
     <span class='ocr_line' id='line_1_38' title="bbox 122 3591 1040 3734; baseline -0.004 -26"><span class='ocrx_word' id='word_1_274' title='bbox 122 3648 196 3708; x_wconf 88' lang='lat' dir='ltr'>diuis</span> <span class='ocrx_word' id='word_1_275' title='bbox 221 3659 308 3726; x_wconf 91' lang='lat' dir='ltr'>atque</span> <span class='ocrx_word' id='word_1_276' title='bbox 330 3651 398 3708; x_wconf 80' lang='lat' dir='ltr'>vitae</span> <span class='ocrx_word' id='word_1_277' title='bbox 420 3649 545 3708; x_wconf 84' lang='lat' dir='ltr'>velimus</span> <span class='ocrx_word' id='word_1_278' title='bbox 565 3591 786 3728; x_wconf 52' lang='lat' dir='ltr'>bpaminondae,</span> <span class='ocrx_word' id='word_1_279' title='bbox 807 3648 877 3703; x_wconf 90' lang='lat' dir='ltr'>nihil</span> <span class='ocrx_word' id='word_1_280' title='bbox 902 3645 1040 3734; x_wconf 24' lang='lat' dir='ltr'>videmur*</span> 
     </span>
    </p>
   </div>
   <div class='ocr_carea' id='block_1_6' title="bbox 0 0 1194 4036">
    <p class='ocr_par' dir='ltr' id='par_1_6' title="bbox 0 0 1194 4036">
     <span class='ocr_line' id='line_1_39' title="bbox 0 0 1194 4036; baseline 0 1"><span class='ocrx_word' id='word_1_281' title='bbox 0 0 1194 4036; x_wconf 95' lang='lat' dir='ltr'> </span> 
     </span>
    </p>
   </div>
  </div>
 </body>
</html>
