2378 4036
351 187 404 299 „L
438 242 469 313 r,
485 239 515 300 a.
560 237 758 320 (Murrum.)
999 245 1034 304 ra

124 391 203 460 retnr
227 382 311 457 isque
324 381 485 443 hortaretur
497 383 614 455 milites,
628 384 816 460 proeliumque
831 387 1029 445 committeret.
1072 377 1096 455 „l

123 461 210 520 Idem
233 461 285 519 ille
312 462 445 538 populus,
472 473 659 537 posteaquam
685 465 777 540 majus
805 463 957 540 imperium
984 469 1066 524 asta

124 551 238 611 nactus„
261 550 292 597 et
317 539 470 616 largitione
491 541 707 617 magistratuum
729 555 877 618 corruptus
900 553 955 614 est,
972 554 1030 602 tre·

125 630 229 676 centus
243 629 351 677 statuas
367 619 517 679 Demetrio
532 619 676 678 Phalereo
691 621 831 678 decrevit.

165 697 237 756 VII.
259 698 331 755 Post
350 697 407 756 hoc
427 699 559 774 proelium
572 700 699 756 classem
712 699 894 776 septuaginta
912 699 1030 759 navium
1052 705 1066 759 l

126 776 325 834 Athenienses
350 776 447 834 eidem
471 777 598 835 Miltiadi
618 779 767 848 dederuut,
780 789 812 835 ut
831 779 953 848 insulas,
967 798 1029 853 qum

124 857 261 912 barbaros
275 855 452 931 adjuverant,
463 857 541 914 bello
554 868 785 932 persequeretur.
827 857 894 923 Quo
907 856 1029 932 Imperio

125 935 280 1010 plerasque
295 934 331 991 ad
344 934 471 992 officium
483 935 578 992 redire
593 935 696 1011 coegit,
710 936 863 993 nonnullas
877 936 907 994 vi
920 954 1030 1012 expug-

125 1013 214 1070 navit.
257 1013 306 1069 Ex
329 1012 376 1069 his
403 1008 509 1070 Parum
533 1013 666 1084 insulam,
680 1015 783 1089 opibus
808 1015 922 1084 elatam,
942 1020 1066 1088 quum2

125 1091 254 1149 oratione
279 1090 470 1148 reconciliare
494 1110 553 1148 non
578 1103 688 1167 posset,
711 1093 811 1168 copias
839 1093 868 1170 [e
891 1093 1027 1171 navibus]

126 1169 234 1240 eduxit,
248 1171 348 1226 urbem
362 1170 496 1245 operibus
517 1170 620 1227 clausit
638 1170 772 1245 omnique
793 1181 953 1229 commeatu
973 1172 1030 1248 pri·

125 1249 219 1318 vavit3
241 1247 346 1306 deinde
361 1249 455 1306 vineis
470 1269 504 1306 ac
519 1249 709 1307 testudinibus
724 1249 895 1319 constitutis,
909 1249 1027 1327 propius

125 1345 222 1384 muros
237 1327 372 1384 accessit.
415 1329 511 1393 Quum
527 1329 588 1404 jam
601 1328 630 1384 in
646 1346 681 1385 eo
697 1339 786 1398 esset,
796 1338 828 1386 ut
838 1329 943 1404 oppido
956 1330 1029 1404 poti·
1050 1333 1067 1386 3

125 1416 211 1475 retur,
222 1406 324 1480 procul
337 1406 368 1462 in
379 1406 536 1463 continenti
547 1407 640 1476 lucus,
651 1407 699 1481 qui
712 1426 748 1464 ex
758 1408 854 1464 insula
865 1407 1028 1482 conspicie-

125 1485 215 1554 batur,
229 1483 332 1541 nescio
346 1503 402 1559 quo
417 1504 497 1554 casu,
512 1496 650 1542 nocturno
669 1496 797 1561 tempore
817 1486 957 1543 incensus
973 1497 1027 1543 est.

127 1563 217 1639 Cujus
242 1563 356 1620 flamma
378 1574 409 1620 ut
433 1564 468 1620 ab
492 1563 643 1639 oppidanis
666 1575 695 1621 et
718 1565 961 1640 oppugnatoribus
984 1576 1029 1622 est

126 1641 199 1710 visa,
212 1641 340 1716 utrisque
357 1642 436 1698 venit
456 1641 486 1699 in
507 1643 680 1718 opinionem,
695 1644 810 1719 signum
831 1663 848 1700 a
869 1644 1027 1701 classiariis

72 1769 77 1796 ,
125 1720 215 1795 regiis
230 1719 334 1777 datum.
377 1721 443 1786 Quo
456 1720 562 1791 factum
577 1732 630 1792 est,
646 1732 677 1778 ut
695 1731 724 1778 et
745 1721 825 1779 Parii
845 1741 862 1778 a
880 1721 1027 1778 deditione
1049 1727 1066 1778 4

69 1831 73 1843 ·
125 1799 346 1869 deterrerentur,
361 1809 390 1856 et
409 1799 567 1870 Miltiades,
582 1799 698 1868 timens,
712 1818 750 1855 ne
766 1799 870 1856 classis
885 1799 967 1873 regia
980 1799 1028 1855 ad-

125 1885 265 1946 ventaret,
279 1876 408 1935 incensis
428 1878 573 1952 operibus,
587 1897 649 1952 quae
665 1887 811 1946 statuerat,
826 1895 892 1933 cum
909 1875 1029 1933 totidem

124 1956 256 2025 navibus,
268 1965 351 2030 atque
364 1968 425 2014 erat
437 1957 593 2032 profectus,
606 1955 737 2013 Athenas
747 1974 852 2031 magna
863 1974 929 2012 cum
939 1954 1029 2012 offen·

124 2035 207 2093 sione
231 2035 340 2092 civium
360 2055 477 2093 suorum
497 2036 613 2093 rediret.
656 2037 818 2092 Accusatus
840 2053 909 2111 ergo
933 2033 1028 2110 prodi·
1049 2040 1067 2093 5

123 2113 220 2184 tionis,
231 2114 316 2188 quod,
327 2132 414 2189 quum
428 2115 534 2172 Parum
548 2133 713 2190 expugnare
726 2124 836 2190 posset,
851 2134 869 2171 a
882 2133 951 2190 rege
967 2132 1028 2172 cor·

123 2202 223 2267 ruptus
248 2191 364 2249 iniectis
386 2194 472 2250 rebus
494 2193 693 2250 discessisset.
735 2193 781 2250 Eo
801 2204 929 2269 tempore
951 2212 1030 2269 aeger
1072 2246 1076 2259 ,

123 2281 187 2328 erat
199 2271 378 2342 vulneribus,
392 2290 455 2346 quae
474 2271 506 2328 in
526 2272 716 2347 oppugnando
737 2271 843 2347 oppido
865 2282 1027 2348 acceperat.

123 2350 226 2424 Itaque
247 2350 382 2423 quoniam
403 2350 468 2425 ipse
491 2368 542 2425 pro
566 2369 599 2407 se
621 2349 719 2407 dicere
740 2369 798 2407 non
818 2361 928 2425 posset,
941 2352 1030 2408 verba

122 2428 194 2485 fecit
208 2427 298 2485 frater
308 2429 371 2504 ejus
383 2424 551 2504 Tisagbras.
584 2429 681 2486 Causa
696 2430 811 2504 cogniti
825 2428 929 2505 capitis
945 2430 1028 2486 abso·
1049 2431 1066 2485 o

120 2508 211 2595 lutus,
224 2507 350 2581 pecunia
369 2507 503 2564 multatus
524 2517 578 2578 est,
593 2527 683 2582 eaque
704 2507 742 2565 lis
763 2507 968 2584 quinquaginta
987 2518 1028 2565 ta·

120 2586 212 2643 lentis
233 2585 372 2642 aestimata
388 2595 444 2656 est,
458 2596 579 2660 quantus
602 2586 632 2643 in
656 2587 783 2643 classem
804 2596 913 2643 sumtus
936 2585 1029 2644 facttrs

122 2675 195 2722 erat.
226 2663 312 2721 Hanc
326 2663 481 2739 pecuniam
494 2664 569 2739 quod
583 2665 697 2721 solvere
712 2665 742 2721 in
754 2664 910 2740 praesentia
930 2709 932 2713 .
970 2690 1008 2729 rsa

120 2761 182 2800 non
206 2752 328 2818 poterat,
350 2743 381 2799 in
404 2742 522 2800 vincula
548 2744 666 2818 publica
689 2743 839 2819 conjectus
865 2754 910 2800 est
947 2739 1030 2779 Μ·

120 2822 221 2895 ibique
237 2820 315 2878 diem
329 2820 401 2879 obiit
414 2840 588 2897 supremum.

162 2899 251 2957 VIII.
273 2899 333 2957 Hic
345 2900 401 2956 etsi
413 2900 531 2957 crimine
544 2900 630 2958 Pario
640 2911 684 2957 est
696 2911 858 2970 accusatus,
866 2910 963 2956 tamen
972 2897 1030 2955 alia
1052 2903 1064 2956 1

119 2977 176 3036 fuit
197 2996 287 3034 causa
304 2977 505 3035 damnationis.
547 2979 679 3053 Namque
695 2978 893 3036 Athenienses
913 2985 1030 3052 propter

121 3056 272 3115 Pisistrati
285 3057 475 3132 tyrannidem,
486 3076 547 3131 quae
561 3057 663 3133 paucis
675 3057 759 3114 annis
771 3065 837 3112 ante
851 3054 954 3125 suerat,
969 3073 1028 3112 om·

120 3134 436 3192 niumsuorumcivium
443 3135 600 3210 potentiam
609 3135 846 3191 extimescebam.
868 3134 1027 3205 Miltiades,
1048 3140 1065 3191 2

120 3213 244 3270 multum
257 3213 288 3270 in
302 3213 432 3289 imperiis
445 3214 715 3290 magistratibusque
726 3223 866 3283 versatus,
880 3232 938 3271 non
948 3214 1028 3270 vide·

121 3294 206 3349 batur
218 3309 307 3365 posse
320 3310 388 3348 esse
403 3290 541 3366 privatus,
552 3291 711 3367 prasertim
724 3309 810 3366 quum
820 3292 1028 3350 consuetudine

121 3369 161 3427 ad
181 3369 296 3444 imperii
318 3370 504 3444 cupiditatem
523 3369 599 3426 trahi
612 3368 766 3426 videretur.
809 3371 885 3427 Nam
902 3371 1028 3428 Cherso·
1049 3372 1065 3424 3

120 3448 191 3506 nesi
211 3466 310 3505 omnes
331 3447 409 3516 illos,
423 3466 493 3522 quos
516 3447 666 3516 habitarat,
681 3466 772 3504 annos
793 3458 962 3522 perpetuam
979 3448 1028 3504 ob·
1087 3457 1088 3461 ’

119 3537 248 3584 uenerat
268 3525 503 3595 dominationem,
524 3535 719 3600 tyrannusque
743 3525 835 3582 fuerat
857 3525 1028 3600 appellatus,

120 3603 178 3663 sed
196 3604 300 3679 justus.
344 3603 412 3661 Non
426 3614 487 3660 erat
507 3603 584 3660 enim
597 3602 626 3659 vi
642 3613 826 3670 consecutus,
841 3602 894 3658 sed
913 3617 1029 3657 suorum
