2378 4036
185 245 228 303 52
437 235 528 298 XIII·
574 240 603 296 4.
656 234 874 313 (Timotheus.)
952 279 955 286 .

185 386 303 444 Samum
316 381 439 458 profecti
454 391 562 450 essent,
577 391 606 438 et
620 380 724 438 eodem
739 380 861 449 Chares,
871 378 994 436 adventu
1010 378 1084 457 [illo-

184 462 259 539 rum]
282 461 407 536 cognito,
428 459 574 517 cumanis
596 458 689 534 copiis
711 459 951 533 proficisceretur,
965 477 1002 515 ne
1019 457 1086 532 quid

185 542 305 599 absente
320 558 353 596 sc
368 549 483 615 gestum
495 537 656 595 videretur:
680 537 795 606 accidit,
809 555 894 610 quum
913 536 949 593 ad
962 536 1086 594 insulam

186 618 453 696 appropinquarent,
475 627 506 674 ut
526 635 631 692 magna
653 626 811 690 tempestas
834 615 972 693 oriretur3
1003 633 1087 688 quam
1110 657 1113 665 ,
1150 625 1161 687 ¹,

120 752 123 756 .
187 696 362 756 evitareduo
375 705 489 752 veteres
503 695 690 769 imperatores
701 695 771 751 utile
786 688 916 750 arbitrati
923 692 1004 751 suam
1013 693 1087 750 clas·

157 782 165 836 ζ
187 795 250 833 sem
263 783 494 850 suppresserunt.
529 779 567 830 At
580 773 640 842 ille,
651 772 803 841 temeraria
816 791 886 829 usus
900 772 1020 842 ratione,
1030 790 1088 830 non

187 853 278 913 cessit
287 853 426 929 majorum
435 863 502 909 natu
517 850 685 920 auctoritati,
695 861 772 921 et,ut
785 851 811 907 si
825 851 856 907 in
866 869 920 907 sua
929 851 998 907 navi
1009 861 1088 908 esset

187 943 306 1001 tortuna,
321 949 386 1005 quo·
397 930 593 1000 contenderat,
606 929 748 1004 pervenit,
764 929 922 1003 eodemque
940 939 972 985 ut
985 948 1089 1004 seque-

141 1038 145 1044 *
187 1023 292 1080 rentur,
320 1010 357 1067 ad
382 1007 567 1066 Timotheum
593 1018 623 1065 et
646 1008 822 1082 Iphicratem
843 1008 974 1065 nuntium
999 1009 1088 1066 misit.

188 1089 358 1159 Hinc,male
369 1106 401 1144 re
411 1098 502 1163 gesta,
512 1087 704 1162 compluribus
714 1086 829 1143 amissis
838 1087 969 1156 navibus,
976 1086 1088 1158 eodem,

190 1168 264 1226 unde
279 1177 339 1225 erat
351 1166 508 1241 profectus,
523 1184 556 1222 se
571 1165 690 1241 recepit,
699 1165 865 1240 litterasque
878 1165 1008 1222 Athenas
1020 1167 1089 1241 pub·

190 1247 247 1306 tice
260 1245 348 1315 misit,
369 1244 425 1302 sibi
447 1243 575 1318 proclive
600 1243 703 1314 fuisse,
726 1245 844 1302 Samum
858 1262 975 1319 capere,
993 1244 1052 1300 nisi
1072 1264 1090 1302 a

153 1351 170 1383 s
197 1323 344 1383 Timotheo
360 1333 389 1380 et
402 1322 547 1398 Iphicrate
559 1322 691 1380 desertus
706 1332 795 1380 esset.
838 1322 897 1400 [Ob
911 1341 976 1380 eam
989 1322 1090 1380 remin

189 1403 299 1464 crimen
312 1400 507 1478 vocabantur]
550 1401 679 1476 Populus
700 1420 777 1471 acer,
798 1400 945 1477 suspicax,
965 1401 1089 1472 mobilis,

189 1481 380 1550 adversarius,
404 1480 518 1537 invidus
544 1481 630 1537 etiam
653 1480 797 1556 potentiae,
821 1479 935 1537 domum
956 1492 1089 1550 revocat;

189 1558 546 1635 accusanturproditionis.
568 1559 634 1616 Hoc
640 1558 1090 1634 judiciodamnaturTimotheus‚

189 1640 283 1714 lisque
298 1639 360 1716 ejus
375 1638 529 1695 estimatur
543 1648 658 1695 centum
671 1637 798 1695 talentis.
840 1638 905 1707 llle,
916 1637 983 1695 odio
996 1638 1090 1715 ingra-

190 1728 227 1776 tae
241 1717 366 1776 civitatis
381 1727 508 1786 coactus,
524 1716 695 1774 Chalcidem
708 1735 741 1773 ce
757 1717 884 1774 contulit.
1110 1739 1112 1746 ¹

153 1802 166 1856 l
230 1796 284 1854 IV.
306 1796 402 1871 Hujus
426 1805 633 1870 postmortem
654 1814 739 1870 quum
762 1795 898 1872 'populum
915 1795 1020 1872 judicii
1045 1796 1090 1854 sui

190 1875 351 1952 poeniteret,
359 1874 453 1932 multae
464 1892 568 1932 novem
580 1883 677 1950 partes
686 1874 817 1942 detraxit,
828 1883 858 1931 et
867 1874 972 1932 decem
981 1875 1090 1932 talenta

191 1955 350 2025 Cononem,
362 1946 455 2010 'filium
465 1953 538 2028 ejus,
547 1953 584 2010 ad
594 1952 667 2010 muri
677 1953 828 2026 quamdam
837 1964 948 2028 partem
957 1953 1090 2011 reficien-

190 2033 257 2089 dam
267 2033 354 2106 jussit
373 2032 451 2088 dare.
493 2031 527 2088 In
547 2049 603 2104 quo
616 2031 734 2089 fortunae
754 2031 878 2088 varietas
899 2042 945 2090 est
964 2032 1091 2090 animad-

191 2128 285 2166 versa.
320 2110 397 2165 Nam
407 2126 478 2182 quos
493 2127 563 2166 avus
579 2110 681 2167 Conon
694 2128 789 2167 muros
806 2129 842 2167 ex
856 2111 983 2185 hostium
996 2111 1090 2187 praeda

191 2187 289 2262 patriae
303 2187 474 2256 restituerat,
488 2187 608 2244 eosdem
620 2207 722 2263 nepos,
734 2208 800 2246 cum
814 2209 924 2246 summa
934 2189 1090 2266 ignominia

152 2271 170 2324 2
192 2265 316 2334 lamiliae,
328 2283 365 2321 ex
379 2283 432 2320 sua
445 2282 476 2320 re
487 2264 620 2323 familiari
635 2267 755 2324 reficere
770 2279 887 2326 coactus
902 2279 957 2326 est.
993 2269 1091 2327 Timo·

191 2343 253 2400 thei
267 2354 362 2400 autem
382 2341 533 2400 moderatae
555 2345 751 2420 sapientisque
765 2345 830 2403 vitae
848 2365 935 2421 quum
953 2349 1091 2423 pleraque

191 2421 335 2496 possimus
350 2419 476 2496 prolerre
491 2423 663 2494 testimonia,
678 2443 736 2481 uuo
751 2425 856 2482 erimus
872 2427 1008 2496 contenti,
1016 2425 1092 2501 quod

192 2517 230 2556 ex
241 2517 276 2556 eo
285 2499 371 2557 facile
381 2499 487 2577 conjici
495 2502 607 2576 poterit,
616 2521 700 2576 quam
710 2521 794 2560 carus
806 2505 867 2561 suis
879 2503 973 2562 fuerit.
996 2507 1096 2572 Quum.

192 2576 314 2636 Athenis
326 2578 558 2638 adolescentulus
573 2599 690 2638 causam
703 2581 823 2652 diceret,
833 2601 891 2640 non
903 2584 997 2641 solum
1005 2583 1092 2642 amici

191 2656 348 2732 privatique
362 2655 493 2732 hospites
514 2659 551 2716 ad
571 2679 637 2716 eum
657 2659 870 2718 defendendum
886 2674 1092 2734 convenerunt,

192 2735 347 2793 sedetiam
366 2735 397 2792 in
419 2734 463 2793 eis
483 2736 573 2796 Jason
594 2748 742 2813 tyrannus,
756 2739 804 2812 qui
826 2740 877 2798 illo
897 2750 1026 2816 tempore
1040 2741 1093 2799 fuit

154 2816 171 2871 3
192 2814 317 2872 omniurn
330 2813 556 2890 potentissimus.
591 2816 651 2874 Hic
662 2835 748 2891 quum
757 2817 788 2874 in
798 2818 968 2894 patriasine
982 2819 1092 2878 satelli-

191 2893 266 2952 tibus
281 2913 314 2951 se
325 2903 415 2951 tutum
433 2911 491 2951 non
512 2895 700 2965 arbitraretur,
714 2895 845 2958 Athenas
866 2897 930 2955 sine
948 2898 1008 2955 ullo
1022 2917 1093 2974 prae·

193 2972 268 3031 sidio
281 2972 369 3043 venit,
384 2973 510 3045 tantique
531 2972 675 3048 hospitem
689 2973 768 3044 lecit,
781 2987 813 3032 ut
826 2976 925 3033 mallet
939 2996 973 3033 se
988 2977 1092 3054 capitis

192 3052 351 3125 periculum
379 3051 468 3120 adire,
489 3070 573 3126 quam
600 3052 755 3128 Timotheo
782 3053 818 3111 de
846 3054 923 3111 fama
943 3054 1093 3113 dimicanti

193 3128 307 3186 deesse.
341 3130 427 3186 Hunc
442 3133 579 3189 adversus
593 3144 689 3188 tamen
700 3131 871 3190 Timotheus
882 3133 1092 3210 posteapoprdi

189 3205 274 3280 jussu
286 3207 393 3263 bellum
406 3210 507 3282 gessit,
521 3208 675 3284 patriaque
689 3210 834 3267 sanctiora
844 3212 918 3288 jura,
932 3230 1018 3286 quam
1026 3211 1094 3270 hos·

155 3287 172 3340 4
192 3282 265 3357 pitii,
279 3303 347 3340 esse
362 3284 450 3342 duxit.
492 3287 566 3344 Haec
587 3298 714 3344 extrema
727 3287 781 3345 fuit
801 3300 872 3346 aetas
891 3289 1094 3365 imperatorum

193 3359 423 3431 Atheniensium,
447 3364 610 3438 Iphicratis,
638 3365 780 3436 Chabrias,
802 3365 969 3438 Timothei3
998 3387 1094 3445 neque

193 3449 258 3516 post
279 3438 392 3495 illorum
415 3440 522 3498 obitum
555 3444 705 3520 quisquam
733 3443 791 3504 dux
822 3445 853 3506 in
872 3446 924 3506 illa
945 3448 1017 3506 urbe
1041 3447 1094 3508 fuir

191 3517 296 3611 dignus
310 3515 456 3583 memoria.
