2378 4036
154 280 196 342 28
391 272 437 338 Vl
491 279 521 349 2,
538 280 567 336 3.
610 270 812 356 (Lysander.)

149 422 289 482 factiosus
299 421 448 494 audaxque
459 419 572 490 fuisset,
583 419 627 477 sic
639 419 695 477 sibi
706 418 835 490 indulsit,
846 428 878 476 ut
891 421 956 498 ejus
967 438 1056 500 opera

149 502 180 559 in
193 501 348 558 maximum
361 499 458 556 odium
479 498 602 556 Gracia
622 497 839 556 Lacedaemouii
858 502 1130 634 W

113 584 130 639 i
268 577 864 652 NamquumbancaansamLacedeemonii
904 579 1059 638 nutassent

162 639 235 728 mff„
269 656 325 714 sihi
335 676 402 714 esse
411 657 491 726 belli,
499 667 530 714 ut
539 655 761 713 Atheniensium
769 655 1059 730 imputantemdomi·

163 739 236 827 ¹³2ng-
269 736 415 792 nationem
449 734 649 810 refringerent,
677 744 828 810 postquam
855 735 933 810 apud
960 738 1058 814 AEgos

152 798 171 827 α’
204 815 209 826 ’
223 799 244 826 '¹'
269 815 376 872 fiumen
388 814 540 890 Lysander
548 813 653 870 classis
664 812 790 870 hostium
801 823 847 869 est
856 814 1059 888 potitus,nihi¹.

152 892 230 950 aliud
240 894 355 950 molitus
370 903 424 962 est,
435 911 520 966 quarn
529 902 560 949 ut
570 910 672 949 omnes
684 891 816 948 civitates
832 892 864 949 in
877 910 932 950 sua
943 903 1059 952 teneret

152 982 303 1047 potestate,
323 991 409 1046 quum
432 972 463 1028 id
486 990 519 1028 se
542 970 826 1028 Lacedaemoniorum
847 989 938 1029 cansa
958 971 1058 1032 facere

113 1056 131 1108 5
153 1051 309 1109 simularet.
351 1051 482 1125 Namque
507 1049 641 1123 undique,
655 1050 704 1123 qui
725 1049 949 1107 Atheniensium
968 1053 1057 1110 rebus

152 1130 339 1200 studuissent,
354 1130 467 1206 ejectis,
482 1129 586 1186 decem
598 1128 748 1203 delegerat
761 1129 792 1185 in
804 1146 975 1204 unaquaque
986 1131 1059 1188 oiri·

152 1219 219 1278 tate,
233 1210 335 1283 quibus
349 1227 490 1265 summum
510 1207 661 1282 imperium
680 1214 908 1282 potestatemque
930 1209 1060 1267 omnium

153 1302 247 1343 rernm
262 1287 459 1344 committeret.
494 1286 606 1343 Horum
619 1285 650 1342 in
662 1304 811 1342 nnmerum
825 1304 912 1343 nemo
926 1287 1059 1346 admitte-

152 1365 242 1435 batur,
254 1366 313 1437 ¹nisi
324 1366 372 1440 qni
384 1376 431 1422 aut
445 1366 508 1441 ejus
522 1364 649 1439 hospitio
660 1364 864 1435 contineretur,
875 1374 924 1422 aut
934 1385 969 1423 se
978 1365 1059 1424 illins

153 1441 214 1499 iore
228 1445 373 1519 proprium
386 1444 442 1500 fide
458 1445 646 1500 confirmarat.

118 1527 130 1580 l
193 1522 234 1578 ll.
257 1523 301 1579 Ita
314 1522 501 1579 decemvirali
514 1532 656 1598 potestate
670 1522 700 1578 in
714 1523 845 1579 omnibus
859 1523 978 1581 urbibus
990 1542 1060 1583 ocn-

154 1601 260 1670 stituta‚
274 1601 367 1676 ipsius
381 1611 451 1657 nutu
464 1602 559 1658 omnia
574 1603 754 1676 gerebantur.
797 1602 887 1678 Cujus
902 1603 940 1659 de
955 1604 1059 1661 crude-

154 1680 233 1736 litate
256 1700 290 1737 ac
311 1680 432 1755 perfidia
452 1680 522 1736 satis
545 1690 590 1737 est
610 1699 697 1737 unam
716 1698 786 1750 rem,
808 1682 935 1756 exempli
956 1683 1059 1758 gratia,

154 1759 342 1835 profanans
364 1759 400 1816 de
423 1760 526 1816 eodem
545 1759 627 1836 plura
647 1759 842 1816 enumerando
864 1760 1059 1837 defatigemus

116 1846 133 1896 t
155 1840 290 1897 lectores
325 1839 472 1896 Victorex
483 1839 555 1895 Asia
565 1857 650 1912 quum
659 1847 858 1908 reverteretur,
870 1839 1058 1916 Thasumque

155 1918 336 1988 devertisset,
351 1919 425 1993 quod
447 1939 482 1975 ea
503 1917 606 1974 civitas
627 1916 773 1992 praecipua
794 1917 850 1974 fide
873 1917 967 1974 fuerat
990 1938 1060 1996 erga

156 1997 362 2067 Athenienses,
371 1997 490 2071 proinde
506 2016 540 2053 ac
552 1997 578 2052 si
587 1996 675 2053 iidem
685 1995 842 2052 firmissimi
851 1997 979 2054 solerent
990 2017 1060 2057 esse

156 2075 251 2144 amici,
266 2075 314 2147 qui
337 2085 502 2130 constantes
523 2074 647 2132 fuissent
667 2073 787 2143 inimici,
808 2093 873 2131 eam
890 2088 1060 2150 pervertere

118 2158 134 2208 3
156 2152 332 2225 concupivit.
367 2152 448 2208 Vidit
468 2164 572 2222 autem,
587 2153 645 2210 nisi
666 2153 696 2208 in
711 2171 746 2209 eo
767 2153 945 2211 occultasset
958 2156 1060 2214 volun·

155 2239 252 2298 tatem,
266 2229 397 2299 futurum,
417 2241 448 2287 ut
468 2231 572 2288 Thasii
592 2232 795 2300 dilaberentur,
817 2234 1060 2309 consulerentque

156 2309 241 2364 rebus
257 2308 328 2365 suis.
370 2309 470 2383 Itaque
484 2309 499 2377 i
513 2310 556 2379 ††

120 2391 131 2444 l
196 2387 252 2444 ΙΙΙ.
295 2388 310 2455 †
338 2388 353 2456 t
380 2389 394 2456 †
422 2389 645 2446 decemviralem
674 2408 756 2446 suam
782 2400 954 2464 potestatem
985 2391 1059 2470 [sui]

157 2466 192 2522 ab
214 2466 265 2522 illo
288 2468 469 2525 constitutam
490 2470 674 2526 sustulerunt.
717 2469 782 2534 Quo
803 2469 901 2525 dolore
919 2470 1060 2529 incensus

157 2544 220 2601 iniit
248 2546 379 2616 consilia,
407 2566 493 2623 reges
522 2547 805 2604 Lacedaemoniorum
829 2548 941 2605 tollere.
997 2549 1060 2608 Sed

157 2624 308 2695 sentiebat,
336 2626 365 2682 id
387 2646 420 2684 se
443 2626 507 2684 sine
533 2645 589 2701 ope
616 2626 735 2682 deorum
756 2625 853 2683 facere
875 2644 934 2684 non
960 2646 1061 2703 pesse,

155 2704 231 2777 quod
256 2705 470 2762 Lacedaemonii
494 2705 590 2762 omnia
611 2705 647 2761 ad
667 2705 784 2762 oracula
803 2706 912 2762 referre
935 2725 1061 2765 consue·

117 2787 264 2840 2veraut.
320 2785 449 2842 Primum
477 2783 609 2860 Delphos
643 2801 824 2859 cormmpere
854 2793 899 2840 est
926 2797 1060 2844 conans.

157 2863 253 2929 Quum
275 2863 305 2920 id
325 2882 383 2920 non
404 2863 555 2940 potuisset,
571 2862 723 2920 Dodonam
745 2862 859 2920 adortus
881 2873 940 2944 est.⁸
979 2864 1060 2922 Hinc

156 2960 267 3018 quoque
292 2943 425 3019 repulsus
453 2942 534 3011 dixit,
557 2961 589 2998 se
609 2952 675 2997 vota
698 2942 875 3016 suscepisse,
903 2960 967 3015 quae
993 2943 1062 3001 lovi

157 3021 312 3080 Hammoni
333 3023 477 3079 solveret:
501 3021 679 3089 existimans,
699 3039 731 3076 se
753 3020 839 3077 Afros
860 3021 975 3078 facilius
997 3040 1062 3079 cor·

117 3104 134 3155 3
154 3112 308 3173 rupturum.
352 3102 416 3158 Hac
432 3119 483 3176 spe
504 3118 590 3174 quum
610 3098 754 3174 profectus
776 3109 855 3156 esset
875 3099 906 3156 in
922 3097 1062 3172 Africam,

155 3179 273 3234 multum
300 3199 365 3236 eum
389 3180 531 3236 antistites
556 3179 636 3236 lovis
664 3177 835 3234 fefellemnt.
897 3178 975 3235 Nam
1000 3197 1063 3238 non

156 3255 250 3310 solum
274 3259 416 3332 corrumpi
436 3277 495 3314 non
516 3268 676 3334 potuerunt,
691 3257 743 3314 sed
759 3256 845 3313 etiam
868 3257 980 3332 legatos
1004 3257 1063 3315 La-

156 3332 323 3390 cedaernbna
343 3336 491 3404 miserunt,
512 3338 560 3410 qui
582 3337 764 3412 Lysandrum
783 3347 963 3406 accusarent,
984 3337 1061 3410 quod

118 3418 133 3469 i
156 3412 323 3468 sacerdotes
339 3411 398 3468 sani
419 3432 601 3489 corrumpere
623 3427 742 3471 conatus
757 3424 846 3470 esset.
894 3415 1062 3473 Accusatus

177 3513 215 3554 ης
274 3489 330 3547 hoc
347 3491 475 3559 ariadne,
485 3492 670 3566 judicumque
680 3494 826 3550 absolutus
836 3493 1000 3562 sententiis,
1007 3494 1063 3551 Or·

151 3577 172 3607 ’Δ
185 3565 210 3605 ⁰·
223 3576 244 3605 ¹¹·
275 3569 436 3627 chomaniis
445 3570 820 3641 missussubsidic,oceisus
830 3582 875 3627 est
884 3570 1062 3631 aThebanis

115 3650 231 3728 tspud
257 3648 429 3707 Haliartum.
471 3647 567 3715 Quam
588 3660 657 3706 rere
679 3649 716 3709 da
740 3667 776 3707 eo
797 3649 871 3706 foret
889 3649 1062 3726 judicatum.
