2378 4036
150 239 189 300 re
393 235 437 299 11.
474 239 503 298 a.
539 235 805 316 (nemeacus.)

150 383 310 441 monionnn
323 383 460 453 accessit,
470 401 563 459 penes
576 400 649 459 quos
663 401 806 441 smnmum
818 382 973 458 imperimn
985 396 1057 452 erat.

152 471 236 537 atque
251 461 327 536 apud
345 479 397 518 eos
420 461 576 532 contendit,
591 462 666 520 falsa
686 461 734 519 his
748 480 818 519 esse
831 461 947 532 delata3
966 480 1057 538 quare

152 558 263 615 equum
273 559 351 610 esse,
362 539 430 598 illos
440 540 520 598 viros
533 541 625 599 bonos
635 541 806 616 nobilesque
817 539 942 611 mittere,
951 541 1057 617 quibus

150 618 225 676 fides
246 618 410 690 haberetur,
424 619 474 695 qui
495 638 557 677 rem
578 620 780 695 explorarent3
800 618 914 676 interea
931 638 966 676 ss
980 619 1064 693 obsi·-

38 699 44 711 ‘
114 697 219 756 idem
245 697 412 755 retinerent
454 697 564 755 Gestus
590 707 636 756 est
658 698 688 756 ei
714 716 788 768 mos,
811 709 930 774 tresque
956 698 1057 774 legati,

151 776 242 834 functi
255 776 375 834 summis
388 776 554 847 honoribus,
566 777 697 834 Athenas
707 776 878 834 missisunt.
920 777 997 835 Cum
1009 776 1056 836 his

152 857 281 932 collegas
292 874 361 913 suos
373 821 613 913 Themistocles
601 855 691 932 Jussit
703 854 898 932 proficisci,
872 874 975 932 eisque
986 871 1057 932 pras-

152 934 233 1006 dixit,
246 945 278 992 ut
289 953 328 992 ne
342 934 422 1011 prius
440 934 727 992 Lacedaemoniorum
744 935 857 1010 legatos
871 934 1057 1005 dimitterent,

113 1017 130 1072 t
151 1033 237 1104 quam
250 1014 315 1090 ipse
330 1023 410 1072 esset
422 1014 573 1072 remissus.
603 1013 668 1071 Hos
682 1023 834 1090 postquam
847 1012 980 1071 Athenas
993 1031 1057 1090 per·

151 1093 269 1151 venisse
284 1104 361 1151 ratus
376 1103 430 1163 est,
445 1092 481 1149 ad
498 1092 696 1169 magistratum
709 1103 897 1168 senatumque
918 1091 1057 1151 Lacedae·

150 1173 312 1230 moniorum
336 1171 415 1242 adiit,
429 1181 459 1228 et
480 1173 555 1248 apud
574 1191 626 1230 eos
650 1171 796 1228 liberrime
818 1171 969 1248 professus
993 1181 1054 1230 est:

151 1251 350 1308 Athenienses
369 1269 422 1308 suo
436 1251 570 1323 consilio,
583 1251 660 1327 quod
680 1251 824 1308 communi
841 1251 907 1327 J'ure
929 1250 1057 1326 gentium

152 1329 250 1388 l'acere
259 1339 388 1405 possent,
397 1329 469 1387 deos
477 1331 619 1405 publicos,
628 1347 755 1405 suosque
764 1328 1056 1405 patriosacpenates,

151 1426 208 1483 quo
222 1407 338 1465 facilius
350 1409 385 1465 ab
399 1407 483 1465 hoste
497 1419 619 1484 possent
629 1407 895 1478 defendere,muris
906 1408 1056 1484 sepsisseJ

114 1491 131 1547 5
151 1505 247 1562 neque
261 1485 292 1544 in
307 1505 353 1557 eo,
367 1487 444 1562 quod
459 1487 560 1545 inutile
575 1498 656 1545 esset
671 1487 803 1558 Graeciae,
817 1486 940 1545 secisse.
981 1488 1056 1545 Nam

152 1565 267 1623 illorum
287 1567 388 1622 urbem
408 1574 440 1622 ut
460 1567 707 1641 propugnaculum
720 1566 885 1642 oppositum
904 1584 973 1623 esse
995 1568 1057 1624 bur·

152 1644 239 1715 baris,
254 1644 330 1721 apud
343 1663 429 1721 quam
445 1645 506 1721 J'am
519 1644 565 1702 bis
580 1646 694 1702 classes
708 1645 806 1721 regias
820 1643 930 1703 secisse
944 1645 1057 1703 naufra-

114 1723 241 1814 bgium.
283 1723 522 1782 Lacedaemonios
548 1734 644 1782 autem
663 1725 740 1782 malo
763 1734 793 1782 et
814 1724 921 1801 injuste
949 1724 1056 1793 iacere,
1094 1734 1097 1744 ¹

151 1804 201 1879 qui
224 1803 256 1861 id
278 1803 374 1880 potius
399 1804 585 1874 intuerentur,
610 1803 718 1880 quod
710 1822 840 1878 ipsorum
860 1802 1057 1870 dominationi,

152 1902 238 1959 quam
261 1883 338 1961 quod
360 1882 506 1942 universae
532 1883 654 1941 Graeciae
675 1882 746 1940 utile
772 1891 861 1940 esset.
903 1882 1013 1953 Quare,
1032 1880 1056 1939 si

153 1980 222 2020 suos
235 1964 348 2038 legatos
362 1962 495 2038 recipere
508 1962 618 2019 vellent
619 1979 709 2038 q,uos
720 1961 851 2019 Athenas
865 1960 1013 2032 miserant,
1024 1979 1057 2018 se

152 2041 339 2109 remitterent,
354 2041 437 2097 aliter
451 2041 517 2097 illos
531 2059 698 2130 numquam
700 2040 732 2097 in
746 2040 869 2116 patriam
881 2041 1038 2116 recepturi.

116 2124 129 2176 l
193 2118 279 2175 VIII.
301 2083 415 2174 Tamen
438 2137 497 2175 non
519 2119 622 2195 effugit
644 2120 751 2177 civium
772 2137 889 2176 suorum
909 2119 1057 2177 invidiam.

153 2196 285 2272 Namque
300 2198 337 2253 ob
352 2195 486 2253 eumdem
506 2197 726 2288 timoremque
737 2198 886 2255 damnatus
909 2209 971 2256 erat
991 2198 1059 2256 Mil·

154 2275 257 2345 tiades,
284 2285 424 2332 testarum
451 2276 597 2352 suffragiis
626 2297 643 2334 e
671 2277 787 2334 civitate
816 2277 938 2353 ejectus,
963 2278 1058 2353 Argos

114 2360 132 2412 2
152 2353 310 2412 habitatum
332 2355 490 2413 concessit.
532 2355 591 2414 Hic
614 2375 703 2414 raum
727 2366 844 2432 propter
866 2357 972 2414 multas
995 2359 1058 2433 eJ'us

152 2432 274 2491 virtutes
301 2453 406 2510 magna
433 2453 499 2492 cum
526 2434 607 2511 dign
610 2447 665 2493 tate
692 2435 814 2506 viveret,
843 2435 1059 2494 Lacedaemonii

152 2513 265 2589 legatos
274 2513 406 2572 Athenas
420 2509 561 2572 miserunt
562 2515 627 2590 ,qui
639 2533 706 2572 eum
716 2516 866 2572 absentem
877 2524 1060 2585 accusarent,

153 2593 230 2669 quod
243 2593 414 2650 societatem
424 2612 491 2651 cum
500 2613 571 2670 rege
586 2594 743 2651 Persarum
753 2593 789 2650 ad
805 2592 950 2652 Graeciam
964 2594 1059 2670 oppri-

115 2672 289 2731 3mendam
315 2672 446 2730 fecisset.
502 2673 568 2730 Hoc
597 2672 717 2729 crimine
746 2674 853 2730 absens
887 2672 1060 2749 proditionis

174 2777 213 2818 475
273 2762 319 2809 est
340 2752 500 2810 damnatus
542 2752 577 2810 Id
602 2761 634 2808 ut
658 2751 776 2822 audivit,
797 2750 874 2827 quod
899 2769 959 2808 non
987 2752 1060 2809 satis

151 2828 204 2869 ⁸⁴⁰·
213 2839 235 2868 ¹¹
273 2842 363 2889 tutum
384 2850 418 2888 se
437 2832 525 2908 Argis
547 2830 674 2900 videbat,
698 2795 856 2904 Corcyram
877 2830 1060 2921 demigravit.

154 2911 199 2970 Ibi
213 2930 300 2988 quum
313 2912 377 2989 eJua
390 2910 539 2986 principes
551 2909 676 2966 civitatis
687 2909 938 2967 animadvertisset
947 2911 1061 2980 timere,

153 3010 191 3048 ne
209 3003 325 3068 propter
339 3010 372 3048 se
391 2991 499 3048 bellum
518 2989 566 3046 his
587 2988 803 3046 Lacedaemonii
818 2999 848 3045 et
860 2988 1060 3046 Athenienses

154 3069 333 3128 indicerent:
377 3070 415 3127 ad
443 3070 605 3136 Admetum,
633 3067 830 3124 Molossomm
855 3085 965 3143 regem,
995 3086 1061 3125 cum

115 3151 132 3204 4
154 3165 210 3234 quo
225 3166 254 3203 er
245 3147 425 3236 hospitium
439 3148 541 3218 suerat,
556 3110 695 3221 codsugit.
734 3145 801 3203 Huc
816 3165 904 3221 quum
917 3146 1060 3217 venisset,

154 3235 185 3282 et
198 3225 228 3280 in
250 3226 405 3300 praesentia
426 3246 479 3284 rex
501 3229 627 3296 ab,esset
650 3243 706 3301 quo
728 3225 837 3302 majore
857 3225 1003 3314 religione
1027 3245 1061 3282 se

154 3314 303 3393 receptum
316 3314 451 3374 tueretur,
466 3306 595 3362 filiam
569 3324 633 3381 eJus
646 3305 795 3380 parvulam
808 3303 935 3379 arripuit,
951 3315 980 3360 et
995 3323 1060 3361 cum

155 3401 243 3440 ease
264 3382 294 3439 in
316 3381 484 3451 sacrarium,
497 3383 573 3471 quod
596 3402 708 3440 summa
722 3382 870 3440 colebatur
884 3383 1061 3455 cerimonia,

155 3461 291 3538 conjecit
332 3458 405 3518 Inde
425 3477 484 3516 non
504 3460 584 3535 prius
605 3479 743 3535 egressus
757 3470 813 3531 est,
827 3479 913 3536 quam
925 3479 979 3518 rex
994 3481 1061 3520 eum

116 3547 134 3600 5
155 3536 222 3600 data
243 3538 373 3598 dextra
364 3556 396 3596 ιιι
417 3536 504 3595 fidem
525 3538 680 3614 reciperet,
693 3555 779 3614 quam
798 3539 942 3615 prestitit.
983 3539 1061 3600 Nam

153 3638 241 3698 qumn
259 3620 295 3677 ab
314 3615 544 3678 Atheniensibus
559 3625 590 3674 et
605 3614 838 3677 Lacedaemoniis
852 3631 1059 3694 exposceretur

142 3699 274 3772 publice,
290 3695 456 3775 supplicam
480 3714 538 3754 non
561 3693 695 3774 prodidit,
715 3696 890 3771 monuitque,
904 3708 935 3756 ut
956 3715 1049 3756 consu
