<?xml version="1.0" encoding="UTF-8"?>
<!DOCTYPE html PUBLIC "-//W3C//DTD XHTML 1.0 Transitional//EN"
    "http://www.w3.org/TR/xhtml1/DTD/xhtml1-transitional.dtd">
<html xmlns="http://www.w3.org/1999/xhtml" xml:lang="en" lang="en">
 <head>
  <title>
</title>
<meta http-equiv="Content-Type" content="text/html;charset=utf-8" />
  <meta name='ocr-system' content='tesseract 3.04.00' />
  <meta name='ocr-capabilities' content='ocr_page ocr_carea ocr_par ocr_line ocrx_word'/>
</head>
<body>
  <div class='ocr_page' id='page_1' title='image "./corneliusneposw06nepogoog_0033.png"; bbox 0 0 2378 4036; ppageno 0'>
   <div class='ocr_carea' id='block_1_1' title="bbox 149 277 804 359">
    <p class='ocr_par' dir='ltr' id='par_1_1' title="bbox 149 277 804 359">
     <span class='ocr_line' id='line_1_1' title="bbox 149 277 804 359; baseline -0.002 -15"><span class='ocrx_word' id='word_1_1' title='bbox 149 286 191 344; x_wconf 76' lang='lat'><strong>26</strong></span> <span class='ocrx_word' id='word_1_2' title='bbox 402 277 441 342; x_wconf 88' lang='lat' dir='ltr'><strong>V.</strong></span> <span class='ocrx_word' id='word_1_3' title='bbox 478 288 508 355; x_wconf 81' lang='lat'><strong>2,</strong></span> <span class='ocrx_word' id='word_1_4' title='bbox 524 286 554 356; x_wconf 80' lang='lat'><strong>8,</strong></span> <span class='ocrx_word' id='word_1_5' title='bbox 570 285 601 344; x_wconf 82' lang='lat'><strong>4.</strong></span> <span class='ocrx_word' id='word_1_6' title='bbox 649 281 804 359; x_wconf 84' lang='lat' dir='ltr'><strong>(Cimon.)</strong></span> 
     </span>
    </p>
   </div>
   <div class='ocr_carea' id='block_1_2' title="bbox 99 426 1067 3719">
    <p class='ocr_par' dir='ltr' id='par_1_2' title="bbox 117 426 1058 896">
     <span class='ocr_line' id='line_1_2' title="bbox 117 426 1056 499; baseline 0.002 -13"><span class='ocrx_word' id='word_1_7' title='bbox 117 429 130 486; x_wconf 89' lang='lat' dir='ltr'><strong>l</strong></span> <span class='ocrx_word' id='word_1_8' title='bbox 193 426 234 484; x_wconf 92' lang='lat' dir='ltr'><strong>II.</strong></span> <span class='ocrx_word' id='word_1_9' title='bbox 264 426 332 485; x_wconf 80' lang='lat' dir='ltr'><strong>Tah</strong></span> <span class='ocrx_word' id='word_1_10' title='bbox 344 426 429 484; x_wconf 92' lang='lat' dir='ltr'><strong>modo</strong></span> <span class='ocrx_word' id='word_1_11' title='bbox 447 427 578 484; x_wconf 87' lang='lat' dir='ltr'><strong>custodia</strong></span> <span class='ocrx_word' id='word_1_12' title='bbox 593 427 731 485; x_wconf 89' lang='lat' dir='ltr'><strong>liberatus</strong></span> <span class='ocrx_word' id='word_1_13' title='bbox 746 427 852 485; x_wconf 86' lang='lat' dir='ltr'><strong>Cimon</strong></span> <span class='ocrx_word' id='word_1_14' title='bbox 868 428 1006 499; x_wconf 86' lang='lat' dir='ltr'><strong>celeriter</strong></span> <span class='ocrx_word' id='word_1_15' title='bbox 1023 430 1056 489; x_wconf 82' lang='lat' dir='ltr'><strong>ad</strong></span> 
     </span>
     <span class='ocr_line' id='line_1_3' title="bbox 154 504 1058 582; baseline 0.006 -20"><span class='ocrx_word' id='word_1_16' title='bbox 154 504 345 582; x_wconf 79' lang='lat' dir='ltr'><strong>principatum</strong></span> <span class='ocrx_word' id='word_1_17' title='bbox 361 506 503 580; x_wconf 87' lang='lat' dir='ltr'><strong>pervenit.</strong></span> <span class='ocrx_word' id='word_1_18' title='bbox 544 505 679 563; x_wconf 82' lang='lat' dir='ltr'>Habebat</span> <span class='ocrx_word' id='word_1_19' title='bbox 697 505 776 564; x_wconf 91' lang='lat' dir='ltr'><strong>enim</strong></span> <span class='ocrx_word' id='word_1_20' title='bbox 791 506 863 564; x_wconf 80' lang='lat' dir='ltr'><strong>satis</strong></span> <span class='ocrx_word' id='word_1_21' title='bbox 878 506 1058 582; x_wconf 74' lang='lat' dir='ltr'><strong>eloquentiae,</strong></span> 
     </span>
     <span class='ocr_line' id='line_1_4' title="bbox 154 583 1058 664; baseline 0.002 -24"><span class='ocrx_word' id='word_1_22' title='bbox 154 601 294 640; x_wconf 86' lang='lat' dir='ltr'><strong>summam</strong></span> <span class='ocrx_word' id='word_1_23' title='bbox 316 583 527 655; x_wconf 76' lang='lat' dir='ltr'>liberalitatem,</span> <span class='ocrx_word' id='word_1_24' title='bbox 548 602 683 660; x_wconf 85' lang='lat' dir='ltr'><strong>magnam</strong></span> <span class='ocrx_word' id='word_1_25' title='bbox 702 584 883 660; x_wconf 89' lang='lat' dir='ltr'><strong>prudentiam</strong></span> <span class='ocrx_word' id='word_1_26' title='bbox 904 595 966 643; x_wconf 91' lang='lat' dir='ltr'><strong>turn</strong></span> <span class='ocrx_word' id='word_1_27' title='bbox 986 587 1058 664; x_wconf 85' lang='lat' dir='ltr'><strong>juris</strong></span> 
     </span>
     <span class='ocr_line' id='line_1_5' title="bbox 154 661 1058 739; baseline 0.008 -22"><span class='ocrx_word' id='word_1_28' title='bbox 154 661 260 732; x_wconf 86' lang='lat' dir='ltr'><strong>civilis,</strong></span> <span class='ocrx_word' id='word_1_29' title='bbox 280 672 340 718; x_wconf 93' lang='lat' dir='ltr'><strong>tum</strong></span> <span class='ocrx_word' id='word_1_30' title='bbox 362 663 406 719; x_wconf 90' lang='lat' dir='ltr'><strong>rei</strong></span> <span class='ocrx_word' id='word_1_31' title='bbox 429 663 571 732; x_wconf 87' lang='lat' dir='ltr'><strong>militaris,</strong></span> <span class='ocrx_word' id='word_1_32' title='bbox 595 663 671 738; x_wconf 93' lang='lat' dir='ltr'><strong>quod</strong></span> <span class='ocrx_word' id='word_1_33' title='bbox 692 682 758 720; x_wconf 91' lang='lat' dir='ltr'><strong>cum</strong></span> <span class='ocrx_word' id='word_1_34' title='bbox 778 673 896 739; x_wconf 89' lang='lat' dir='ltr'><strong>patrea</strong></span> <span class='ocrx_word' id='word_1_35' title='bbox 918 682 1009 739; x_wconf 88' lang='lat' dir='ltr'><strong>puero</strong></span> <span class='ocrx_word' id='word_1_36' title='bbox 1029 665 1058 724; x_wconf 89' lang='lat' dir='ltr'><strong>in</strong></span> 
     </span>
     <span class='ocr_line' id='line_1_6' title="bbox 155 740 1058 819; baseline 0.007 -23"><span class='ocrx_word' id='word_1_37' title='bbox 155 740 330 797; x_wconf 81' lang='lat' dir='ltr'><strong>exercitibus</strong></span> <span class='ocrx_word' id='word_1_38' title='bbox 356 740 449 798; x_wconf 88' lang='lat' dir='ltr'><strong>fuerat</strong></span> <span class='ocrx_word' id='word_1_39' title='bbox 469 752 610 798; x_wconf 78' lang='lat' dir='ltr'><strong>versatim.</strong></span> <span class='ocrx_word' id='word_1_40' title='bbox 665 742 765 816; x_wconf 83' lang='lat' dir='ltr'><strong>Itaque</strong></span> <span class='ocrx_word' id='word_1_41' title='bbox 790 741 840 798; x_wconf 92' lang='lat' dir='ltr'><strong>hic</strong></span> <span class='ocrx_word' id='word_1_42' title='bbox 865 752 896 799; x_wconf 90' lang='lat' dir='ltr'><strong>et</strong></span> <span class='ocrx_word' id='word_1_43' title='bbox 922 745 1058 819; x_wconf 85' lang='lat' dir='ltr'><strong>popultnn</strong></span> 
     </span>
     <span class='ocr_line' id='line_1_7' title="bbox 154 819 1058 896; baseline 0.006 -21"><span class='ocrx_word' id='word_1_44' title='bbox 154 819 292 875; x_wconf 90' lang='lat' dir='ltr'><strong>urbanum</strong></span> <span class='ocrx_word' id='word_1_45' title='bbox 317 819 348 876; x_wconf 91' lang='lat' dir='ltr'><strong>in</strong></span> <span class='ocrx_word' id='word_1_46' title='bbox 372 838 424 876; x_wconf 85' lang='lat' dir='ltr'><strong>sua</strong></span> <span class='ocrx_word' id='word_1_47' title='bbox 447 820 539 877; x_wconf 91' lang='lat' dir='ltr'><strong>tenuit</strong></span> <span class='ocrx_word' id='word_1_48' title='bbox 561 830 714 896; x_wconf 78' lang='lat' dir='ltr'><strong>potestate,</strong></span> <span class='ocrx_word' id='word_1_49' title='bbox 742 831 772 877; x_wconf 89' lang='lat' dir='ltr'><strong>et</strong></span> <span class='ocrx_word' id='word_1_50' title='bbox 796 820 871 895; x_wconf 88' lang='lat' dir='ltr'><strong>apud</strong></span> <span class='ocrx_word' id='word_1_51' title='bbox 900 821 1058 881; x_wconf 89' lang='lat' dir='ltr'><strong>exercitum</strong></span> 
     </span>
    </p>

    <p class='ocr_par' dir='ltr' id='par_1_3' title="bbox 115 897 1059 1290">
     <span class='ocr_line' id='line_1_8' title="bbox 115 897 1058 977; baseline 0.003 -23"><span class='ocrx_word' id='word_1_52' title='bbox 115 901 133 953; x_wconf 83' lang='lat'>2</span> <span class='ocrx_word' id='word_1_53' title='bbox 154 897 307 973; x_wconf 91' lang='lat' dir='ltr'><strong>plurimum</strong></span> <span class='ocrx_word' id='word_1_54' title='bbox 325 899 415 955; x_wconf 87' lang='lat' dir='ltr'><strong>valuit</strong></span> <span class='ocrx_word' id='word_1_55' title='bbox 434 898 612 956; x_wconf 87' lang='lat' dir='ltr'><strong>auctoritate.</strong></span> <span class='ocrx_word' id='word_1_56' title='bbox 663 899 789 956; x_wconf 88' lang='lat' dir='ltr'><strong>Primum</strong></span> <span class='ocrx_word' id='word_1_57' title='bbox 809 899 965 975; x_wconf 90' lang='lat' dir='ltr'><strong>imperator</strong></span> <span class='ocrx_word' id='word_1_58' title='bbox 985 901 1058 977; x_wconf 86' lang='lat' dir='ltr'><strong>apud</strong></span> 
     </span>
     <span class='ocr_line' id='line_1_9' title="bbox 155 975 1058 1055; baseline 0.004 -23"><span class='ocrx_word' id='word_1_59' title='bbox 155 975 262 1033; x_wconf 86' lang='lat' dir='ltr'><strong>fiumen</strong></span> <span class='ocrx_word' id='word_1_60' title='bbox 296 977 449 1052; x_wconf 79' lang='lat' dir='ltr'><strong>Strymona</strong></span> <span class='ocrx_word' id='word_1_61' title='bbox 481 995 601 1053; x_wconf 86' lang='lat' dir='ltr'><strong>magnas</strong></span> <span class='ocrx_word' id='word_1_62' title='bbox 637 976 736 1052; x_wconf 88' lang='lat' dir='ltr'><strong>copias</strong></span> <span class='ocrx_word' id='word_1_63' title='bbox 765 977 914 1035; x_wconf 87' lang='lat' dir='ltr'><strong>Thracum</strong></span> <span class='ocrx_word' id='word_1_64' title='bbox 940 977 1058 1055; x_wconf 81' lang='lat' dir='ltr'><strong>fugerit,</strong></span> 
     </span>
     <span class='ocr_line' id='line_1_10' title="bbox 155 1055 1059 1132; baseline 0.006 -21"><span class='ocrx_word' id='word_1_65' title='bbox 155 1056 291 1132; x_wconf 91' lang='lat' dir='ltr'><strong>oppidum</strong></span> <span class='ocrx_word' id='word_1_66' title='bbox 315 1055 511 1131; x_wconf 75' lang='lat' dir='ltr'><strong>Amphipolim</strong></span> <span class='ocrx_word' id='word_1_67' title='bbox 543 1055 699 1124; x_wconf 91' lang='lat' dir='ltr'><strong>constituit,</strong></span> <span class='ocrx_word' id='word_1_68' title='bbox 725 1074 817 1130; x_wconf 90' lang='lat' dir='ltr'><strong>eoque</strong></span> <span class='ocrx_word' id='word_1_69' title='bbox 845 1055 952 1114; x_wconf 88' lang='lat' dir='ltr'><strong>decem</strong></span> <span class='ocrx_word' id='word_1_70' title='bbox 979 1058 1059 1116; x_wconf 84' lang='lat' dir='ltr'><strong>milia</strong></span> 
     </span>
     <span class='ocr_line' id='line_1_11' title="bbox 155 1133 1059 1212; baseline 0.002 -20"><span class='ocrx_word' id='word_1_71' title='bbox 155 1133 377 1192; x_wconf 85' lang='lat' dir='ltr'><strong>Atheniensium</strong></span> <span class='ocrx_word' id='word_1_72' title='bbox 395 1134 426 1191; x_wconf 91' lang='lat' dir='ltr'><strong>in</strong></span> <span class='ocrx_word' id='word_1_73' title='bbox 448 1134 592 1191; x_wconf 90' lang='lat' dir='ltr'><strong>coloniam</strong></span> <span class='ocrx_word' id='word_1_74' title='bbox 605 1134 692 1190; x_wconf 89' lang='lat' dir='ltr'><strong>misit.</strong></span> <span class='ocrx_word' id='word_1_75' title='bbox 744 1134 827 1192; x_wconf 90' lang='lat' dir='ltr'><strong>Idem</strong></span> <span class='ocrx_word' id='word_1_76' title='bbox 854 1135 960 1192; x_wconf 90' lang='lat' dir='ltr'><strong>iterum</strong></span> <span class='ocrx_word' id='word_1_77' title='bbox 985 1136 1059 1212; x_wconf 88' lang='lat' dir='ltr'><strong>apud</strong></span> 
     </span>
     <span class='ocr_line' id='line_1_12' title="bbox 156 1213 1058 1290; baseline 0.002 -20"><span class='ocrx_word' id='word_1_78' title='bbox 156 1213 295 1290; x_wconf 71' lang='lat' dir='ltr'><strong>Mycilen</strong></span> <span class='ocrx_word' id='word_1_79' title='bbox 316 1213 487 1288; x_wconf 86' lang='lat' dir='ltr'><strong>Cypriorum</strong></span> <span class='ocrx_word' id='word_1_80' title='bbox 501 1222 530 1269; x_wconf 91' lang='lat' dir='ltr'><strong>et</strong></span> <span class='ocrx_word' id='word_1_81' title='bbox 550 1213 721 1270; x_wconf 80' lang='lat' dir='ltr'><strong>Phoenicum</strong></span> <span class='ocrx_word' id='word_1_82' title='bbox 741 1213 928 1270; x_wconf 91' lang='lat' dir='ltr'><strong>ducentarum</strong></span> <span class='ocrx_word' id='word_1_83' title='bbox 943 1215 1058 1289; x_wconf 84' lang='lat' dir='ltr'><strong>navium</strong></span> 
     </span>
    </p>

    <p class='ocr_par' dir='ltr' id='par_1_4' title="bbox 116 1291 1058 1367">
     <span class='ocr_line' id='line_1_13' title="bbox 116 1291 1058 1367; baseline 0.005 -21"><span class='ocrx_word' id='word_1_84' title='bbox 116 1294 134 1346; x_wconf 88' lang='lat'><strong>3</strong></span> <span class='ocrx_word' id='word_1_85' title='bbox 156 1292 283 1348; x_wconf 82' lang='lat' dir='ltr'><strong>classem</strong></span> <span class='ocrx_word' id='word_1_86' title='bbox 302 1291 447 1348; x_wconf 86' lang='lat' dir='ltr'><strong>devictam</strong></span> <span class='ocrx_word' id='word_1_87' title='bbox 466 1291 561 1367; x_wconf 92' lang='lat' dir='ltr'><strong>cepit;</strong></span> <span class='ocrx_word' id='word_1_88' title='bbox 583 1291 741 1365; x_wconf 91' lang='lat' dir='ltr'><strong>eodemque</strong></span> <span class='ocrx_word' id='word_1_89' title='bbox 756 1291 805 1348; x_wconf 92' lang='lat' dir='ltr'><strong>die</strong></span> <span class='ocrx_word' id='word_1_90' title='bbox 825 1292 889 1367; x_wconf 89' lang='lat' dir='ltr'><strong>pari</strong></span> <span class='ocrx_word' id='word_1_91' title='bbox 902 1291 1016 1350; x_wconf 86' lang='lat' dir='ltr'><strong>fortuna</strong></span> <span class='ocrx_word' id='word_1_92' title='bbox 1029 1292 1058 1351; x_wconf 93' lang='lat' dir='ltr'><strong>in</strong></span> 
     </span>
    </p>

    <p class='ocr_par' dir='ltr' id='par_1_5' title="bbox 153 1368 1058 1524">
     <span class='ocr_line' id='line_1_14' title="bbox 176 1368 1058 1448; baseline 0.003 -23"><span class='ocrx_word' id='word_1_93' title='bbox 176 1395 214 1433; x_wconf 69' lang='lat'><strong>409</strong></span> <span class='ocrx_word' id='word_1_94' title='bbox 273 1379 428 1426; x_wconf 88' lang='lat' dir='ltr'><strong>terrausus</strong></span> <span class='ocrx_word' id='word_1_95' title='bbox 444 1380 499 1426; x_wconf 91' lang='lat' dir='ltr'><strong>est.</strong></span> <span class='ocrx_word' id='word_1_96' title='bbox 533 1370 665 1444; x_wconf 91' lang='lat' dir='ltr'><strong>Namque</strong></span> <span class='ocrx_word' id='word_1_97' title='bbox 680 1368 806 1426; x_wconf 89' lang='lat' dir='ltr'><strong>hostiurn</strong></span> <span class='ocrx_word' id='word_1_98' title='bbox 818 1370 940 1427; x_wconf 85' lang='lat' dir='ltr'><strong>navibus</strong></span> <span class='ocrx_word' id='word_1_99' title='bbox 956 1371 1058 1448; x_wconf 87' lang='lat' dir='ltr'><strong>captis,</strong></span> 
     </span>
     <span class='ocr_line' id='line_1_15' title="bbox 153 1443 1058 1524; baseline 0.004 -21"><span class='ocrx_word' id='word_1_100' title='bbox 153 1453 173 1481; x_wconf 75' lang='lat'><strong>³·</strong></span> <span class='ocrx_word' id='word_1_101' title='bbox 182 1443 206 1482; x_wconf 82' lang='lat'><strong>⁰·</strong></span> <span class='ocrx_word' id='word_1_102' title='bbox 215 1455 236 1482; x_wconf 85' lang='lat'><strong>¹¹·</strong></span> <span class='ocrx_word' id='word_1_103' title='bbox 274 1448 370 1504; x_wconf 89' lang='lat' dir='ltr'><strong>statim</strong></span> <span class='ocrx_word' id='word_1_104' title='bbox 384 1467 422 1504; x_wconf 84' lang='lat' dir='ltr'><strong>ex</strong></span> <span class='ocrx_word' id='word_1_105' title='bbox 436 1444 532 1506; x_wconf 86' lang='lat' dir='ltr'><strong>classe</strong></span> <span class='ocrx_word' id='word_1_106' title='bbox 547 1448 648 1524; x_wconf 90' lang='lat' dir='ltr'><strong>copias</strong></span> <span class='ocrx_word' id='word_1_107' title='bbox 669 1467 737 1505; x_wconf 90' lang='lat' dir='ltr'><strong>suas</strong></span> <span class='ocrx_word' id='word_1_108' title='bbox 753 1448 861 1518; x_wconf 86' lang='lat' dir='ltr'><strong>eduxit,</strong></span> <span class='ocrx_word' id='word_1_109' title='bbox 875 1449 1058 1507; x_wconf 90' lang='lat' dir='ltr'><strong>barbarorum</strong></span> 
     </span>
    </p>

    <p class='ocr_par' dir='ltr' id='par_1_6' title="bbox 116 1524 1058 1681">
     <span class='ocr_line' id='line_1_16' title="bbox 116 1524 1058 1603; baseline 0.005 -22"><span class='ocrx_word' id='word_1_110' title='bbox 116 1529 135 1580; x_wconf 83' lang='lat'>4</span> <span class='ocrx_word' id='word_1_111' title='bbox 157 1524 238 1602; x_wconf 92' lang='lat' dir='ltr'><strong>[que]</strong></span> <span class='ocrx_word' id='word_1_112' title='bbox 267 1544 323 1582; x_wconf 94' lang='lat' dir='ltr'><strong>uno</strong></span> <span class='ocrx_word' id='word_1_113' title='bbox 344 1544 486 1584; x_wconf 85' lang='lat' dir='ltr'><strong>concursu</strong></span> <span class='ocrx_word' id='word_1_114' title='bbox 512 1527 666 1584; x_wconf 85' lang='lat' dir='ltr'><strong>maximam</strong></span> <span class='ocrx_word' id='word_1_115' title='bbox 692 1527 751 1583; x_wconf 82' lang='lat' dir='ltr'><strong>vim</strong></span> <span class='ocrx_word' id='word_1_116' title='bbox 773 1528 935 1603; x_wconf 85' lang='lat' dir='ltr'><strong>prostravit.</strong></span> <span class='ocrx_word' id='word_1_117' title='bbox 994 1529 1058 1595; x_wconf 86' lang='lat' dir='ltr'><strong>Qua</strong></span> 
     </span>
     <span class='ocr_line' id='line_1_17' title="bbox 155 1603 1057 1681; baseline 0.006 -22"><span class='ocrx_word' id='word_1_118' title='bbox 155 1603 275 1661; x_wconf 86' lang='lat' dir='ltr'><strong>victoria</strong></span> <span class='ocrx_word' id='word_1_119' title='bbox 300 1623 405 1680; x_wconf 85' lang='lat' dir='ltr'><strong>magna</strong></span> <span class='ocrx_word' id='word_1_120' title='bbox 426 1605 523 1681; x_wconf 87' lang='lat' dir='ltr'><strong>praeda</strong></span> <span class='ocrx_word' id='word_1_121' title='bbox 548 1607 655 1680; x_wconf 87' lang='lat' dir='ltr'><strong>potitus</strong></span> <span class='ocrx_word' id='word_1_122' title='bbox 680 1624 766 1680; x_wconf 89' lang='lat' dir='ltr'><strong>quum</strong></span> <span class='ocrx_word' id='word_1_123' title='bbox 793 1605 909 1662; x_wconf 92' lang='lat' dir='ltr'><strong>domum</strong></span> <span class='ocrx_word' id='word_1_124' title='bbox 931 1617 1057 1664; x_wconf 84' lang='lat' dir='ltr'><strong>reverte·</strong></span> 
     </span>
    </p>

    <p class='ocr_par' dir='ltr' id='par_1_7' title="bbox 99 1683 1058 1839">
     <span class='ocr_line' id='line_1_18' title="bbox 99 1683 1058 1761; baseline 0 -18"><span class='ocrx_word' id='word_1_125' title='bbox 99 1736 102 1743; x_wconf 86' lang='lat'>.</span> <span class='ocrx_word' id='word_1_126' title='bbox 155 1693 240 1753; x_wconf 90' lang='lat' dir='ltr'><strong>retur,</strong></span> <span class='ocrx_word' id='word_1_127' title='bbox 265 1683 340 1758; x_wconf 90' lang='lat' dir='ltr'><strong>quod</strong></span> <span class='ocrx_word' id='word_1_128' title='bbox 362 1684 423 1760; x_wconf 87' lang='lat' dir='ltr'><strong>jam</strong></span> <span class='ocrx_word' id='word_1_129' title='bbox 445 1685 713 1742; x_wconf 82' lang='lat' dir='ltr'><strong>nonnullae&#39;insnlae</strong></span> <span class='ocrx_word' id='word_1_130' title='bbox 736 1694 852 1761; x_wconf 90' lang='lat' dir='ltr'><strong>propter</strong></span> <span class='ocrx_word' id='word_1_131' title='bbox 871 1685 1058 1743; x_wconf 78' lang='lat' dir='ltr'><strong>acerbitatem</strong></span> 
     </span>
     <span class='ocr_line' id='line_1_19' title="bbox 155 1761 1056 1839; baseline 0.004 -21"><span class='ocrx_word' id='word_1_132' title='bbox 155 1761 269 1839; x_wconf 91' lang='lat' dir='ltr'><strong>imperii</strong></span> <span class='ocrx_word' id='word_1_133' title='bbox 283 1763 459 1834; x_wconf 81' lang='lat' dir='ltr'><strong>defecerant,</strong></span> <span class='ocrx_word' id='word_1_134' title='bbox 473 1765 548 1820; x_wconf 89' lang='lat' dir='ltr'><strong>bene</strong></span> <span class='ocrx_word' id='word_1_135' title='bbox 563 1762 703 1820; x_wconf 89' lang='lat' dir='ltr'><strong>animatas</strong></span> <span class='ocrx_word' id='word_1_136' title='bbox 718 1762 904 1832; x_wconf 87' lang='lat' dir='ltr'><strong>confirmavit,</strong></span> <span class='ocrx_word' id='word_1_137' title='bbox 916 1763 1056 1821; x_wconf 84' lang='lat' dir='ltr'><strong>alienatas</strong></span> 
     </span>
    </p>

    <p class='ocr_par' dir='ltr' id='par_1_8' title="bbox 116 1841 1067 2153">
     <span class='ocr_line' id='line_1_20' title="bbox 116 1841 1067 1919; baseline 0.003 -22"><span class='ocrx_word' id='word_1_138' title='bbox 116 1845 135 1897; x_wconf 81' lang='grc'><strong><em>5</em></strong></span> <span class='ocrx_word' id='word_1_139' title='bbox 156 1842 193 1899; x_wconf 90' lang='lat' dir='ltr'><strong>ad</strong></span> <span class='ocrx_word' id='word_1_140' title='bbox 207 1841 333 1900; x_wconf 91' lang='lat' dir='ltr'><strong>officium</strong></span> <span class='ocrx_word' id='word_1_141' title='bbox 354 1843 449 1900; x_wconf 86' lang='lat' dir='ltr'><strong>redire</strong></span> <span class='ocrx_word' id='word_1_142' title='bbox 471 1843 575 1918; x_wconf 77' lang='lat' dir='ltr'><strong>coegit.</strong></span> <span class='ocrx_word' id='word_1_143' title='bbox 617 1843 750 1918; x_wconf 86' lang='lat' dir='ltr'><strong>Scyrum,</strong></span> <span class='ocrx_word' id='word_1_144' title='bbox 770 1859 855 1919; x_wconf 82' lang='lat' dir='ltr'><strong>quam</strong></span> <span class='ocrx_word' id='word_1_145' title='bbox 873 1860 910 1898; x_wconf 92' lang='lat' dir='ltr'><strong>eo</strong></span> <span class='ocrx_word' id='word_1_146' title='bbox 928 1852 1067 1918; x_wconf 82' lang='lat' dir='ltr'><strong>tempore</strong></span> 
     </span>
     <span class='ocr_line' id='line_1_21' title="bbox 157 1920 1056 1997; baseline 0 -19"><span class='ocrx_word' id='word_1_147' title='bbox 157 1921 286 1997; x_wconf 82' lang='lat' dir='ltr'><strong>Dolopes</strong></span> <span class='ocrx_word' id='word_1_148' title='bbox 310 1921 484 1992; x_wconf 84' lang='lat' dir='ltr'><strong>incolebant,</strong></span> <span class='ocrx_word' id='word_1_149' title='bbox 508 1921 584 1996; x_wconf 90' lang='lat' dir='ltr'><strong>quod</strong></span> <span class='ocrx_word' id='word_1_150' title='bbox 608 1920 804 1978; x_wconf 89' lang='lat' dir='ltr'><strong>contumacius</strong></span> <span class='ocrx_word' id='word_1_151' title='bbox 832 1939 866 1976; x_wconf 91' lang='lat' dir='ltr'><strong>se</strong></span> <span class='ocrx_word' id='word_1_152' title='bbox 894 1932 1056 1996; x_wconf 86' lang='lat' dir='ltr'><strong>gesserant,</strong></span> 
     </span>
     <span class='ocr_line' id='line_1_22' title="bbox 156 1997 1057 2075; baseline 0.002 -21"><span class='ocrx_word' id='word_1_153' title='bbox 156 2000 327 2067; x_wconf 85' lang='lat' dir='ltr'><strong>vacuefecit,</strong></span> <span class='ocrx_word' id='word_1_154' title='bbox 341 2010 603 2060; x_wconf 83' lang='lat' dir='ltr'><strong>sessoresveteres</strong></span> <span class='ocrx_word' id='word_1_155' title='bbox 617 2001 687 2056; x_wconf 88' lang='lat' dir='ltr'><strong>urbe</strong></span> <span class='ocrx_word' id='word_1_156' title='bbox 698 1999 848 2072; x_wconf 89' lang='lat' dir='ltr'><strong>insulaque</strong></span> <span class='ocrx_word' id='word_1_157' title='bbox 864 1997 962 2074; x_wconf 89' lang='lat' dir='ltr'><strong>ejecit,</strong></span> <span class='ocrx_word' id='word_1_158' title='bbox 974 2018 1057 2075; x_wconf 86' lang='lat' dir='ltr'><strong>agros</strong></span> 
     </span>
     <span class='ocr_line' id='line_1_23' title="bbox 157 2076 1057 2153; baseline 0.003 -21"><span class='ocrx_word' id='word_1_159' title='bbox 157 2077 267 2133; x_wconf 84' lang='lat' dir='ltr'><strong>civibus</strong></span> <span class='ocrx_word' id='word_1_160' title='bbox 289 2077 396 2133; x_wconf 89' lang='lat' dir='ltr'><strong>divisit.</strong></span> <span class='ocrx_word' id='word_1_161' title='bbox 437 2078 565 2135; x_wconf 88' lang='lat' dir='ltr'><strong>Thasios</strong></span> <span class='ocrx_word' id='word_1_162' title='bbox 585 2077 733 2153; x_wconf 89' lang='lat' dir='ltr'><strong>opulentia</strong></span> <span class='ocrx_word' id='word_1_163' title='bbox 750 2076 839 2134; x_wconf 85' lang='lat' dir='ltr'><strong>fretos</strong></span> <span class='ocrx_word' id='word_1_164' title='bbox 861 2095 914 2134; x_wconf 91' lang='lat' dir='ltr'><strong>suo</strong></span> <span class='ocrx_word' id='word_1_165' title='bbox 935 2078 1057 2135; x_wconf 86' lang='lat' dir='ltr'><strong>adventu</strong></span> 
     </span>
    </p>

    <p class='ocr_par' dir='ltr' id='par_1_9' title="bbox 158 2151 1057 2310">
     <span class='ocr_line' id='line_1_24' title="bbox 183 2151 1057 2231; baseline 0.005 -22"><span class='ocrx_word' id='word_1_166' title='bbox 183 2179 220 2217; x_wconf 66' lang='lat'><strong>457</strong></span> <span class='ocrx_word' id='word_1_167' title='bbox 276 2153 371 2228; x_wconf 84' lang='lat' dir='ltr'><strong>fregit.</strong></span> <span class='ocrx_word' id='word_1_168' title='bbox 407 2155 464 2212; x_wconf 91' lang='lat' dir='ltr'><strong>His</strong></span> <span class='ocrx_word' id='word_1_169' title='bbox 479 2175 517 2213; x_wconf 84' lang='lat' dir='ltr'><strong>ex</strong></span> <span class='ocrx_word' id='word_1_170' title='bbox 529 2151 671 2214; x_wconf 90' lang='lat' dir='ltr'><strong>manubiis</strong></span> <span class='ocrx_word' id='word_1_171' title='bbox 686 2156 863 2215; x_wconf 85' lang='lat' dir='ltr'><strong>Athenarum</strong></span> <span class='ocrx_word' id='word_1_172' title='bbox 877 2174 937 2226; x_wconf 85' lang='lat' dir='ltr'><strong>arx,</strong></span> <span class='ocrx_word' id='word_1_173' title='bbox 952 2175 1010 2231; x_wconf 89' lang='lat' dir='ltr'><strong>qua</strong></span> <span class='ocrx_word' id='word_1_174' title='bbox 1023 2156 1057 2213; x_wconf 90' lang='lat' dir='ltr'><strong>ad</strong></span> 
     </span>
     <span class='ocr_line' id='line_1_25' title="bbox 158 2228 720 2310; baseline 0.007 -22"><span class='ocrx_word' id='word_1_175' title='bbox 158 2239 178 2267; x_wconf 73' lang='lat'><strong>³·</strong></span> <span class='ocrx_word' id='word_1_176' title='bbox 191 2228 215 2267; x_wconf 83' lang='lat'><strong>⁰·</strong></span> <span class='ocrx_word' id='word_1_177' title='bbox 227 2240 249 2267; x_wconf 85' lang='lat'><strong>¹¹·</strong></span> <span class='ocrx_word' id='word_1_178' title='bbox 275 2233 426 2290; x_wconf 86' lang='lat' dir='ltr'><strong>meridiem</strong></span> <span class='ocrx_word' id='word_1_179' title='bbox 436 2236 537 2310; x_wconf 84' lang='lat' dir='ltr'><strong>vergit,</strong></span> <span class='ocrx_word' id='word_1_180' title='bbox 553 2246 598 2292; x_wconf 91' lang='lat' dir='ltr'><strong>est</strong></span> <span class='ocrx_word' id='word_1_181' title='bbox 612 2245 720 2292; x_wconf 89' lang='lat' dir='ltr'><strong>ornata.</strong></span> 
     </span>
    </p>

    <p class='ocr_par' dir='ltr' id='par_1_10' title="bbox 120 2310 1056 2388">
     <span class='ocr_line' id='line_1_26' title="bbox 120 2310 1056 2388; baseline 0.003 -20"><span class='ocrx_word' id='word_1_182' title='bbox 120 2315 133 2368; x_wconf 96' lang='lat' dir='ltr'><strong>l</strong></span> <span class='ocrx_word' id='word_1_183' title='bbox 196 2310 253 2370; x_wconf 87' lang='grc' dir='ltr'><strong>ΙΙΙ.</strong></span> <span class='ocrx_word' id='word_1_184' title='bbox 283 2310 395 2378; x_wconf 84' lang='lat' dir='ltr'><strong>Quibus</strong></span> <span class='ocrx_word' id='word_1_185' title='bbox 423 2315 508 2371; x_wconf 87' lang='lat' dir='ltr'><strong>rebus</strong></span> <span class='ocrx_word' id='word_1_186' title='bbox 529 2333 615 2388; x_wconf 93' lang='lat' dir='ltr'><strong>quum</strong></span> <span class='ocrx_word' id='word_1_187' title='bbox 637 2333 709 2371; x_wconf 85' lang='lat' dir='ltr'><strong>unus</strong></span> <span class='ocrx_word' id='word_1_188' title='bbox 734 2313 765 2370; x_wconf 92' lang='lat' dir='ltr'><strong>in</strong></span> <span class='ocrx_word' id='word_1_189' title='bbox 788 2312 903 2370; x_wconf 86' lang='lat' dir='ltr'><strong>civitate</strong></span> <span class='ocrx_word' id='word_1_190' title='bbox 932 2314 1056 2371; x_wconf 87' lang='lat' dir='ltr'><strong>maxime</strong></span> 
     </span>
    </p>

    <p class='ocr_par' dir='ltr' id='par_1_11' title="bbox 153 2391 1058 2628">
     <span class='ocr_line' id='line_1_27' title="bbox 177 2391 1058 2468; baseline 0.005 -22"><span class='ocrx_word' id='word_1_191' title='bbox 177 2415 213 2454; x_wconf 67' lang='lat'><strong>451</strong></span> <span class='ocrx_word' id='word_1_192' title='bbox 276 2391 399 2462; x_wconf 88' lang='lat' dir='ltr'><strong>floreret,</strong></span> <span class='ocrx_word' id='word_1_193' title='bbox 413 2392 516 2449; x_wconf 91' lang='lat' dir='ltr'><strong>incidit</strong></span> <span class='ocrx_word' id='word_1_194' title='bbox 528 2393 559 2449; x_wconf 93' lang='lat' dir='ltr'><strong>in</strong></span> <span class='ocrx_word' id='word_1_195' title='bbox 574 2392 705 2450; x_wconf 91' lang='lat' dir='ltr'><strong>eamdem</strong></span> <span class='ocrx_word' id='word_1_196' title='bbox 718 2391 865 2461; x_wconf 81' lang='lat' dir='ltr'><strong>invidiam,</strong></span> <span class='ocrx_word' id='word_1_197' title='bbox 879 2410 967 2466; x_wconf 91' lang='lat' dir='ltr'><strong>quam</strong></span> <span class='ocrx_word' id='word_1_198' title='bbox 977 2403 1058 2468; x_wconf 88' lang='lat' dir='ltr'><strong>pater</strong></span> 
     </span>
     <span class='ocr_line' id='line_1_28' title="bbox 153 2464 1057 2548; baseline 0.004 -23"><span class='ocrx_word' id='word_1_199' title='bbox 153 2473 173 2503; x_wconf 72' lang='lat'><strong>⁸·</strong></span> <span class='ocrx_word' id='word_1_200' title='bbox 182 2464 207 2503; x_wconf 82' lang='lat'><strong>⁰·</strong></span> <span class='ocrx_word' id='word_1_201' title='bbox 215 2475 237 2504; x_wconf 86' lang='lat'><strong>¹¹·</strong></span> <span class='ocrx_word' id='word_1_202' title='bbox 275 2487 344 2526; x_wconf 89' lang='lat' dir='ltr'><strong>suus</strong></span> <span class='ocrx_word' id='word_1_203' title='bbox 354 2471 500 2545; x_wconf 90' lang='lat' dir='ltr'><strong>ceterique</strong></span> <span class='ocrx_word' id='word_1_204' title='bbox 510 2471 733 2529; x_wconf 86' lang='lat' dir='ltr'><strong>Atheniensium</strong></span> <span class='ocrx_word' id='word_1_205' title='bbox 742 2470 899 2548; x_wconf 90' lang='lat' dir='ltr'><strong>principes.</strong></span> <span class='ocrx_word' id='word_1_206' title='bbox 914 2471 1057 2529; x_wconf 85' lang='lat' dir='ltr'><strong>Namtes·</strong></span> 
     </span>
     <span class='ocr_line' id='line_1_29' title="bbox 155 2547 1058 2628; baseline 0.004 -26"><span class='ocrx_word' id='word_1_207' title='bbox 155 2556 247 2603; x_wconf 89' lang='lat' dir='ltr'><strong>tarum</strong></span> <span class='ocrx_word' id='word_1_208' title='bbox 267 2547 423 2624; x_wconf 82' lang='lat' dir='ltr'><strong>suffragiis,</strong></span> <span class='ocrx_word' id='word_1_209' title='bbox 447 2551 522 2624; x_wconf 90' lang='lat' dir='ltr'><strong>quod</strong></span> <span class='ocrx_word' id='word_1_210' title='bbox 545 2551 590 2608; x_wconf 91' lang='lat' dir='ltr'><strong>illi</strong></span> <span class='ocrx_word' id='word_1_211' title='bbox 610 2550 785 2628; x_wconf 59' lang='grc' dir='ltr'><strong>ὀστρακισμὸν</strong></span> <span class='ocrx_word' id='word_1_212' title='bbox 812 2560 926 2619; x_wconf 84' lang='lat' dir='ltr'><strong>vocant,</strong></span> <span class='ocrx_word' id='word_1_213' title='bbox 955 2549 1058 2608; x_wconf 90' lang='lat' dir='ltr'><strong>decem</strong></span> 
     </span>
    </p>

    <p class='ocr_par' dir='ltr' id='par_1_12' title="bbox 117 2626 1057 2938">
     <span class='ocr_line' id='line_1_30' title="bbox 117 2626 1057 2704; baseline 0.006 -23"><span class='ocrx_word' id='word_1_214' title='bbox 117 2629 135 2681; x_wconf 88' lang='lat'>2</span> <span class='ocrx_word' id='word_1_215' title='bbox 157 2643 295 2683; x_wconf 90' lang='lat' dir='ltr'><strong>annorum</strong></span> <span class='ocrx_word' id='word_1_216' title='bbox 319 2628 423 2684; x_wconf 84' lang='lat' dir='ltr'><strong>exsilio</strong></span> <span class='ocrx_word' id='word_1_217' title='bbox 450 2630 583 2686; x_wconf 91' lang='lat' dir='ltr'><strong>multatus</strong></span> <span class='ocrx_word' id='word_1_218' title='bbox 612 2638 666 2686; x_wconf 92' lang='lat' dir='ltr'><strong>est.</strong></span> <span class='ocrx_word' id='word_1_219' title='bbox 722 2628 813 2704; x_wconf 84' lang='lat' dir='ltr'><strong>Cujus</strong></span> <span class='ocrx_word' id='word_1_220' title='bbox 837 2626 907 2684; x_wconf 88' lang='lat' dir='ltr'><strong>facti</strong></span> <span class='ocrx_word' id='word_1_221' title='bbox 931 2629 1057 2686; x_wconf 86' lang='lat' dir='ltr'><strong>celerius</strong></span> 
     </span>
     <span class='ocr_line' id='line_1_31' title="bbox 157 2703 1056 2785; baseline 0.002 -24"><span class='ocrx_word' id='word_1_222' title='bbox 157 2703 368 2784; x_wconf 82' lang='lat' dir='ltr'><strong>Athenienses,</strong></span> <span class='ocrx_word' id='word_1_223' title='bbox 387 2725 472 2781; x_wconf 89' lang='lat' dir='ltr'><strong>quam</strong></span> <span class='ocrx_word' id='word_1_224' title='bbox 495 2707 598 2785; x_wconf 86' lang='lat' dir='ltr'><strong>ipsum,</strong></span> <span class='ocrx_word' id='word_1_225' title='bbox 621 2707 761 2782; x_wconf 88' lang='lat' dir='ltr'><strong>poenituit.</strong></span> <span class='ocrx_word' id='word_1_226' title='bbox 787 2706 880 2769; x_wconf 73' lang='lat' dir='ltr'><strong>‚Nam</strong></span> <span class='ocrx_word' id='word_1_227' title='bbox 899 2725 988 2781; x_wconf 91' lang='lat' dir='ltr'><strong>quum</strong></span> <span class='ocrx_word' id='word_1_228' title='bbox 1007 2707 1056 2764; x_wconf 89' lang='lat' dir='ltr'><strong>ille</strong></span> 
     </span>
     <span class='ocr_line' id='line_1_32' title="bbox 157 2783 1057 2861; baseline 0.004 -21"><span class='ocrx_word' id='word_1_229' title='bbox 157 2783 251 2841; x_wconf 90' lang='lat' dir='ltr'><strong>animo</strong></span> <span class='ocrx_word' id='word_1_230' title='bbox 263 2783 331 2841; x_wconf 80' lang='lat' dir='ltr'><strong>sorti</strong></span> <span class='ocrx_word' id='word_1_231' title='bbox 345 2784 461 2843; x_wconf 83' lang='lat' dir='ltr'><strong>invidiae</strong></span> <span class='ocrx_word' id='word_1_232' title='bbox 474 2785 648 2861; x_wconf 85' lang='lat' dir='ltr'><strong>ingratorum</strong></span> <span class='ocrx_word' id='word_1_233' title='bbox 662 2785 768 2847; x_wconf 77' lang='lat' dir='ltr'><strong>cirrum</strong></span> <span class='ocrx_word' id='word_1_234' title='bbox 777 2783 928 2854; x_wconf 87' lang='lat' dir='ltr'><strong>cessisset,</strong></span> <span class='ocrx_word' id='word_1_235' title='bbox 938 2786 1057 2843; x_wconf 89' lang='lat' dir='ltr'><strong>bellum·</strong></span> 
     </span>
     <span class='ocr_line' id='line_1_33' title="bbox 155 2863 1057 2938; baseline -0.001 -17"><span class='ocrx_word' id='word_1_236' title='bbox 155 2882 211 2938; x_wconf 93' lang='lat' dir='ltr'><strong>que</strong></span> <span class='ocrx_word' id='word_1_237' title='bbox 226 2863 441 2921; x_wconf 72' lang='lat' dir='ltr'><strong>Lacedaemonii</strong></span> <span class='ocrx_word' id='word_1_238' title='bbox 455 2864 681 2929; x_wconf 81' lang='lat' dir='ltr'><strong>Atheniensibus</strong></span> <span class='ocrx_word' id='word_1_239' title='bbox 692 2864 882 2920; x_wconf 89' lang='lat' dir='ltr'><strong>indixissent:</strong></span> <span class='ocrx_word' id='word_1_240' title='bbox 905 2864 1057 2922; x_wconf 85' lang='lat' dir='ltr'><strong>confestim</strong></span> 
     </span>
    </p>

    <p class='ocr_par' dir='ltr' id='par_1_13' title="bbox 118 2942 1057 3334">
     <span class='ocr_line' id='line_1_34' title="bbox 118 2942 1056 3020; baseline -0.002 -19"><span class='ocrx_word' id='word_1_241' title='bbox 118 2948 135 3001; x_wconf 82' lang='lat'>3</span> <span class='ocrx_word' id='word_1_242' title='bbox 155 2955 231 3001; x_wconf 79' lang='lat' dir='ltr'><strong>notae</strong></span> <span class='ocrx_word' id='word_1_243' title='bbox 245 2944 308 3020; x_wconf 86' lang='lat' dir='ltr'><strong>ejus</strong></span> <span class='ocrx_word' id='word_1_244' title='bbox 322 2942 433 3000; x_wconf 82' lang='lat' dir='ltr'><strong>virtutis</strong></span> <span class='ocrx_word' id='word_1_245' title='bbox 455 2942 631 3000; x_wconf 91' lang='lat' dir='ltr'><strong>desiderium</strong></span> <span class='ocrx_word' id='word_1_246' title='bbox 651 2952 839 2999; x_wconf 89' lang='lat' dir='ltr'><strong>consecutum</strong></span> <span class='ocrx_word' id='word_1_247' title='bbox 857 2952 912 3000; x_wconf 89' lang='lat' dir='ltr'><strong>est.</strong></span> <span class='ocrx_word' id='word_1_248' title='bbox 958 2943 1056 3017; x_wconf 89' lang='lat' dir='ltr'><strong>Itaque</strong></span> 
     </span>
     <span class='ocr_line' id='line_1_35' title="bbox 156 3020 1057 3097; baseline -0.001 -18"><span class='ocrx_word' id='word_1_249' title='bbox 156 3033 222 3097; x_wconf 89' lang='lat' dir='ltr'><strong>post</strong></span> <span class='ocrx_word' id='word_1_250' title='bbox 245 3042 350 3080; x_wconf 87' lang='lat' dir='ltr'><strong>annmn</strong></span> <span class='ocrx_word' id='word_1_251' title='bbox 370 3022 506 3097; x_wconf 86' lang='lat' dir='ltr'><strong>quintum,</strong></span> <span class='ocrx_word' id='word_1_252' title='bbox 528 3039 614 3094; x_wconf 90' lang='lat' dir='ltr'><strong>quam</strong></span> <span class='ocrx_word' id='word_1_253' title='bbox 634 3021 772 3096; x_wconf 87' lang='lat' dir='ltr'><strong>expulsus</strong></span> <span class='ocrx_word' id='word_1_254' title='bbox 797 3031 867 3090; x_wconf 89' lang='lat' dir='ltr'><strong>erat,</strong></span> <span class='ocrx_word' id='word_1_255' title='bbox 887 3020 918 3078; x_wconf 92' lang='lat' dir='ltr'><strong>in</strong></span> <span class='ocrx_word' id='word_1_256' title='bbox 938 3022 1057 3096; x_wconf 84' lang='lat' dir='ltr'><strong>patrium</strong></span> 
     </span>
     <span class='ocr_line' id='line_1_36' title="bbox 156 3098 1057 3175; baseline 0.002 -20"><span class='ocrx_word' id='word_1_257' title='bbox 156 3112 308 3158; x_wconf 89' lang='lat' dir='ltr'><strong>revocatus</strong></span> <span class='ocrx_word' id='word_1_258' title='bbox 332 3113 385 3159; x_wconf 90' lang='lat' dir='ltr'><strong>est.</strong></span> <span class='ocrx_word' id='word_1_259' title='bbox 435 3101 500 3170; x_wconf 88' lang='lat' dir='ltr'><strong>Ille,</strong></span> <span class='ocrx_word' id='word_1_260' title='bbox 525 3099 600 3175; x_wconf 93' lang='lat' dir='ltr'><strong>quod</strong></span> <span class='ocrx_word' id='word_1_261' title='bbox 622 3099 758 3174; x_wconf 89' lang='lat' dir='ltr'><strong>hospitio</strong></span> <span class='ocrx_word' id='word_1_262' title='bbox 773 3098 1057 3157; x_wconf 77' lang='lat' dir='ltr'><strong>Lacedaemoniorum</strong></span> 
     </span>
     <span class='ocr_line' id='line_1_37' title="bbox 157 3176 1056 3248; baseline 0.004 -16"><span class='ocrx_word' id='word_1_263' title='bbox 157 3179 296 3247; x_wconf 88' lang='lat' dir='ltr'><strong>utebatur,</strong></span> <span class='ocrx_word' id='word_1_264' title='bbox 310 3183 400 3237; x_wconf 86' lang='lat' dir='ltr'><strong>satius</strong></span> <span class='ocrx_word' id='word_1_265' title='bbox 423 3180 601 3248; x_wconf 89' lang='lat' dir='ltr'><strong>existimans,</strong></span> <span class='ocrx_word' id='word_1_266' title='bbox 619 3177 794 3234; x_wconf 89' lang='lat' dir='ltr'><strong>contendere</strong></span> <span class='ocrx_word' id='word_1_267' title='bbox 810 3176 1056 3246; x_wconf 71' lang='lat' dir='ltr'><strong>Lacedaemonem,</strong></span> 
     </span>
     <span class='ocr_line' id='line_1_38' title="bbox 157 3255 1057 3334; baseline 0.003 -25"><span class='ocrx_word' id='word_1_268' title='bbox 157 3271 211 3310; x_wconf 85' lang='lat' dir='ltr'><strong>sua</strong></span> <span class='ocrx_word' id='word_1_269' title='bbox 224 3267 325 3328; x_wconf 86' lang='lat' dir='ltr'><strong>sponte</strong></span> <span class='ocrx_word' id='word_1_270' title='bbox 340 3270 386 3313; x_wconf 89' lang='lat' dir='ltr'><strong>est</strong></span> <span class='ocrx_word' id='word_1_271' title='bbox 396 3259 551 3333; x_wconf 87' lang='lat' dir='ltr'><strong>profectus,</strong></span> <span class='ocrx_word' id='word_1_272' title='bbox 560 3275 718 3334; x_wconf 86' lang='lat' dir='ltr'><strong>pacemque</strong></span> <span class='ocrx_word' id='word_1_273' title='bbox 727 3256 802 3312; x_wconf 88' lang='lat' dir='ltr'><strong>inter</strong></span> <span class='ocrx_word' id='word_1_274' title='bbox 812 3255 884 3312; x_wconf 88' lang='lat' dir='ltr'><strong>duas</strong></span> <span class='ocrx_word' id='word_1_275' title='bbox 893 3255 1057 3332; x_wconf 85' lang='lat' dir='ltr'><strong>potentissi-</strong></span> 
     </span>
    </p>

    <p class='ocr_par' dir='ltr' id='par_1_14' title="bbox 119 3334 1056 3487">
     <span class='ocr_line' id='line_1_39' title="bbox 119 3334 1056 3408; baseline -0.001 -16"><span class='ocrx_word' id='word_1_276' title='bbox 119 3342 137 3392; x_wconf 75' lang='grc'><strong>4</strong></span> <span class='ocrx_word' id='word_1_277' title='bbox 181 3357 219 3397; x_wconf 72' lang='lat' dir='ltr'><strong>oo</strong></span> <span class='ocrx_word' id='word_1_278' title='bbox 276 3351 337 3390; x_wconf 90' lang='lat' dir='ltr'><strong>mas</strong></span> <span class='ocrx_word' id='word_1_279' title='bbox 353 3337 484 3393; x_wconf 83' lang='lat' dir='ltr'><strong>civitates</strong></span> <span class='ocrx_word' id='word_1_280' title='bbox 500 3337 674 3394; x_wconf 84' lang='lat' dir='ltr'><strong>conciliavit.</strong></span> <span class='ocrx_word' id='word_1_281' title='bbox 709 3335 790 3404; x_wconf 88' lang='lat' dir='ltr'><strong>Post,</strong></span> <span class='ocrx_word' id='word_1_282' title='bbox 801 3352 895 3408; x_wconf 89' lang='lat' dir='ltr'><strong>neque</strong></span> <span class='ocrx_word' id='word_1_283' title='bbox 909 3335 951 3391; x_wconf 90' lang='lat' dir='ltr'><strong>ita</strong></span> <span class='ocrx_word' id='word_1_284' title='bbox 961 3334 1056 3402; x_wconf 78' lang='lat' dir='ltr'><strong>multo,</strong></span> 
     </span>
     <span class='ocr_line' id='line_1_40' title="bbox 157 3407 1056 3487; baseline 0.001 -19"><span class='ocrx_word' id='word_1_285' title='bbox 157 3417 178 3446; x_wconf 66' lang='lat' dir='ltr'><strong>a</strong></span> <span class='ocrx_word' id='word_1_286' title='bbox 191 3407 215 3446; x_wconf 82' lang='lat'><strong>⁰·</strong></span> <span class='ocrx_word' id='word_1_287' title='bbox 229 3417 250 3445; x_wconf 77' lang='lat' dir='ltr'><strong>n,</strong></span> <span class='ocrx_word' id='word_1_288' title='bbox 278 3411 407 3487; x_wconf 88' lang='lat' dir='ltr'><strong>Cyprum</strong></span> <span class='ocrx_word' id='word_1_289' title='bbox 418 3432 483 3470; x_wconf 92' lang='lat' dir='ltr'><strong>cum</strong></span> <span class='ocrx_word' id='word_1_290' title='bbox 493 3414 626 3472; x_wconf 89' lang='lat' dir='ltr'><strong>ducentis</strong></span> <span class='ocrx_word' id='word_1_291' title='bbox 638 3413 757 3471; x_wconf 86' lang='lat' dir='ltr'><strong>navibus</strong></span> <span class='ocrx_word' id='word_1_292' title='bbox 772 3413 927 3487; x_wconf 90' lang='lat' dir='ltr'><strong>imperator</strong></span> <span class='ocrx_word' id='word_1_293' title='bbox 939 3413 1056 3482; x_wconf 84' lang='lat' dir='ltr'><strong>missus,</strong></span> 
     </span>
    </p>

    <p class='ocr_par' dir='ltr' id='par_1_15' title="bbox 155 3490 1058 3648">
     <span class='ocr_line' id='line_1_41' title="bbox 179 3490 1058 3568; baseline 0.001 -20"><span class='ocrx_word' id='word_1_294' title='bbox 179 3517 216 3559; x_wconf 70' lang='lat'><strong>449</strong></span> <span class='ocrx_word' id='word_1_295' title='bbox 275 3509 362 3564; x_wconf 90' lang='lat' dir='ltr'><strong>quum</strong></span> <span class='ocrx_word' id='word_1_296' title='bbox 376 3492 438 3566; x_wconf 89' lang='lat' dir='ltr'><strong>ejus</strong></span> <span class='ocrx_word' id='word_1_297' title='bbox 452 3493 590 3567; x_wconf 90' lang='lat' dir='ltr'><strong>majorem</strong></span> <span class='ocrx_word' id='word_1_298' title='bbox 605 3493 715 3568; x_wconf 86' lang='lat' dir='ltr'><strong>partem</strong></span> <span class='ocrx_word' id='word_1_299' title='bbox 728 3491 831 3548; x_wconf 85' lang='lat' dir='ltr'><strong>insulae</strong></span> <span class='ocrx_word' id='word_1_300' title='bbox 846 3491 1017 3562; x_wconf 86' lang='lat' dir='ltr'><strong>devicisset,</strong></span> <span class='ocrx_word' id='word_1_301' title='bbox 1030 3490 1058 3548; x_wconf 91' lang='lat' dir='ltr'><strong>in</strong></span> 
     </span>
     <span class='ocr_line' id='line_1_42' title="bbox 155 3568 1041 3648; baseline 0.001 -21"><span class='ocrx_word' id='word_1_302' title='bbox 155 3579 174 3610; x_wconf 72' lang='lat'>⁸</span> <span class='ocrx_word' id='word_1_303' title='bbox 188 3568 213 3608; x_wconf 81' lang='lat'><strong>⁰·</strong></span> <span class='ocrx_word' id='word_1_304' title='bbox 226 3578 248 3608; x_wconf 60' lang='lat'><strong>¹²</strong></span> <span class='ocrx_word' id='word_1_305' title='bbox 277 3571 406 3628; x_wconf 91' lang='lat' dir='ltr'><strong>morbum</strong></span> <span class='ocrx_word' id='word_1_306' title='bbox 416 3569 584 3645; x_wconf 89' lang='lat' dir='ltr'><strong>implicitus,</strong></span> <span class='ocrx_word' id='word_1_307' title='bbox 592 3570 623 3628; x_wconf 90' lang='lat' dir='ltr'><strong>in</strong></span> <span class='ocrx_word' id='word_1_308' title='bbox 634 3570 739 3648; x_wconf 91' lang='lat' dir='ltr'><strong>oppido</strong></span> <span class='ocrx_word' id='word_1_309' title='bbox 751 3568 829 3627; x_wconf 84' lang='lat' dir='ltr'><strong>Citio</strong></span> <span class='ocrx_word' id='word_1_310' title='bbox 843 3580 890 3628; x_wconf 89' lang='lat' dir='ltr'><strong>est</strong></span> <span class='ocrx_word' id='word_1_311' title='bbox 902 3580 1041 3628; x_wconf 75' lang='lat' dir='ltr'><strong>mortuus,</strong></span> 
     </span>
    </p>

    <p class='ocr_par' dir='ltr' id='par_1_16' title="bbox 117 3646 1058 3719">
     <span class='ocr_line' id='line_1_43' title="bbox 117 3646 1058 3719; baseline 0 -9"><span class='ocrx_word' id='word_1_312' title='bbox 117 3654 133 3710; x_wconf 82' lang='lat' dir='ltr'><strong>l</strong></span> <span class='ocrx_word' id='word_1_313' title='bbox 194 3649 250 3711; x_wconf 82' lang='lat' dir='ltr'><strong>IV.</strong></span> <span class='ocrx_word' id='word_1_314' title='bbox 272 3648 360 3709; x_wconf 87' lang='lat' dir='ltr'><strong>Hunc</strong></span> <span class='ocrx_word' id='word_1_315' title='bbox 383 3646 580 3707; x_wconf 82' lang='lat' dir='ltr'><strong>Athenienses</strong></span> <span class='ocrx_word' id='word_1_316' title='bbox 601 3667 660 3708; x_wconf 89' lang='lat' dir='ltr'><strong>non</strong></span> <span class='ocrx_word' id='word_1_317' title='bbox 678 3649 772 3708; x_wconf 80' lang='lat' dir='ltr'><strong>solum</strong></span> <span class='ocrx_word' id='word_1_318' title='bbox 795 3646 1058 3719; x_wconf 64' lang='lat' dir='ltr'><strong>intonantia</strong></span> 
     </span>
    </p>
   </div>
   <div class='ocr_carea' id='block_1_3' title="bbox 0 0 1194 4036">
    <p class='ocr_par' dir='ltr' id='par_1_17' title="bbox 0 0 1194 4036">
     <span class='ocr_line' id='line_1_44' title="bbox 0 0 1194 4036; baseline 0 0"><span class='ocrx_word' id='word_1_319' title='bbox 0 0 1194 4036; x_wconf 95' lang='lat' dir='ltr'><strong> </strong></span> 
     </span>
    </p>
   </div>
  </div>
 </body>
</html>
