2378 4036
413 279 452 346 v.
492 289 518 347 1.
565 285 720 365 (aaa.)
981 293 1023 352 es

118 429 237 522 florium
249 427 328 505 turpi
336 438 427 486 morte
441 430 605 488 maculavit.
641 430 701 489 Hic
715 449 801 506 quum
815 450 901 491 semr-
963 459 1002 500 ιω

117 509 218 567 mimis
234 509 272 567 de
286 507 395 583 templo
405 509 497 566 elatus
511 519 602 580 esset,
612 509 766 567 confestim
779 510 904 569 animam
940 509 995 549 *⁰-
1003 519 1025 551 ²

117 587 231 647 efflavit.
275 587 368 663 Cujus
389 587 493 644 mortui
521 605 624 664 corpus
649 607 736 664 quum
762 589 867 647 eodem
892 590 1062 649 nonnullit

115 666 246 725 dicerent
270 664 371 723 inferri
399 676 541 739 oportere,
567 685 624 742 quo
648 666 689 737 hi,
713 667 761 742 qui
785 668 822 725 ad
848 669 1023 744 supplicium

116 756 214 804 essent
239 745 317 807 deti:
339 743 487 820 displicuit
506 746 646 820 pluribus,
666 756 695 802 et
714 747 815 821 procul
839 747 932 805 abeo
955 747 1022 805 loco

115 823 289 893 infoderunt,
316 840 373 898 quo
397 831 459 879 erat
481 833 619 881 mortuus
673 824 746 882 Inde
769 823 915 900 posterius
944 824 1020 904 [dei]

117 902 255 992 Delphici
276 918 420 977 responso
441 911 647 975 mutuamque
669 902 772 960 eodem
791 904 857 961 loco
878 903 1022 975 sepultus,

115 981 160 1040 ttbi
171 979 267 1038 vitem
281 989 427 1057 posuerat.

267 1521 274 1528 .
383 1402 427 1477 V.
499 1402 755 1482 CIMON.

354 1801 358 1807 ,
412 1683 723 1794 aaauunuruu.

103 1845 212 1910 ΜΡ.
228 1851 255 1909 Ι.
271 1849 863 1927 Herespatemotumvtacalorumabacore
877 1850 1018 1910 liberetur.

154 1929 198 1989 ΙΙ.
219 1931 460 2006 Ejasairtutecet
473 1941 636 2020 tergeste:
630 1929 861 1987 ·Persaseedem
871 1930 916 1986 die
925 1931 1021 1989 navali

152 2019 178 2067 et
202 2010 331 2067 terrestri
347 2008 444 2085 prelio
465 2010 560 2065 oiacit
611 2007 673 2065 III.
707 2007 880 2066 Ostracismo
900 2009 1017 2083 ejicitur.

153 2088 314 2146 Revocatac
333 2106 429 2164 pacem
450 2107 510 2159 eam
528 2084 745 2145 Lacedameniis
765 2087 902 2146 conciliat.
948 2087 1019 2146 Citii

152 2165 277 2225 moritur
320 2164 392 2222 IV
404 2164 625 2242 Laudaturque
635 2166 797 2224 leberelttac

151 2323 176 2382 Ι.
200 2323 314 2390 Cimon,
323 2321 464 2378 Miltiadis
473 2321 560 2391 filius,
572 2321 770 2392 Atheniensis,
782 2323 851 2380 duro
866 2323 1018 2382 admodum
1040 2330 1052 2384 l

115 2401 194 2459 initio
207 2419 279 2457 usus
296 2410 341 2456 est
361 2400 575 2457 adolescentie.
616 2400 693 2457 Nem
713 2419 799 2476 quum
816 2411 898 2476 pater
952 2428 991 2468 ιιι

115 2479 174 2556 ejus
189 2479 273 2536 litem
286 2478 453 2535 aestimatam
467 2479 573 2554 populo
588 2479 702 2536 solvere
716 2498 774 2537 non
788 2481 896 2555 potuis-
933 2487 954 2517 ⁸·
962 2477 1017 2518 Μ

115 2569 165 2628 eet,
180 2559 217 2615 ob
232 2574 353 2630 eamque
369 2576 487 2614 causam
497 2558 528 2614 in
538 2558 664 2615 vinculis
677 2559 802 2634 publicis
816 2558 1013 2618 decessisset:

115 2635 217 2694 Cimon
232 2634 337 2693 eadem
357 2636 488 2692 custodia
506 2637 665 2706 tenebatur,
681 2654 776 2711 neque
796 2637 910 2713 legibus
926 2637 1016 2696 Athe·

115 2714 258 2772 niensium
278 2713 369 2770 emitti
387 2723 507 2789 poterat,
520 2715 579 2771 nisi
599 2716 831 2790 pecuniamque
849 2726 932 2791 pater
944 2717 1015 2774 mul·

115 2800 184 2851 tetus
208 2803 280 2862 erut,
307 2793 455 2850 solvisset.
497 2793 632 2850 Habebat
655 2805 750 2851 autern
776 2795 807 2851 in
833 2795 1014 2851 matrimonio
1035 2801 1053 2853 2

115 2886 240 2930 sororem
254 2888 420 2948 germanam
433 2889 523 2942 suam,
537 2871 652 2929 nomine
670 2872 835 2947 Elpinicen,
849 2890 907 2929 non
920 2873 1014 2947 magis

115 2966 216 3020 tutore,
238 2967 324 3024 quam
342 2968 421 3006 more
443 2950 555 3007 ductus
596 2949 673 3007 Nem
693 2949 921 3008 Atheniensibus
943 2949 1015 3007 licet

115 3029 213 3087 eedem
227 3039 308 3105 patre
322 3039 405 3085 natas
419 3046 524 3086 uxores
545 3027 662 3086 ducere.
704 3028 800 3104 Hujus
822 3027 950 3104 conjugii
965 3046 1014 3087 cu·
1034 3035 1052 3088 3

115 3104 193 3181 pidus
217 3106 330 3165 Callias
351 3107 476 3182 quidam,
488 3125 547 3164 non
567 3117 625 3164 tem
644 3124 813 3182 generosus,
828 3124 912 3181 quam
925 3125 1013 3198 pecu·

115 3185 219 3256 hiesus,
237 3185 287 3261 qui
309 3203 429 3261 magnes
449 3187 588 3262 pecunias
613 3204 651 3242 ex
670 3184 795 3242 metallis
815 3183 933 3256 fecerat,
954 3188 1013 3264 egit

114 3279 173 3322 trun
191 3266 325 3335 Cimone,
338 3274 370 3320 ut
392 3282 456 3321 eam
480 3265 536 3321 sibi
560 3281 680 3321 uxorem
701 3263 798 3320 deret:
820 3263 850 3321 id
873 3265 900 3322 si
922 3266 1012 3342 impe·

114 3350 223 3413 uisset,
239 3361 273 3400 se
287 3361 339 3419 pro
350 3343 400 3400 illo
414 3343 597 3418 pecuniam
582 3344 748 3400 soluturum.
784 3343 814 3400 ls
826 3362 911 3418 quum
924 3346 1012 3402 talem
1033 3349 1049 3401 l

114 3387 305 3478 conditionem
314 3433 521 3511 aspernaretur,
532 3421 667 3496 Elpinice
676 3421 802 3497 negavit,
809 3440 841 3479 se
852 3441 1011 3511 passuram,

114 3497 252 3557 Miltiadis
272 3501 441 3576 progeniem
459 3500 490 3557 in
511 3501 636 3557 vinculis
652 3500 802 3575 publicis
795 3500 922 3568 mterire,
943 3517 1011 3574 quo·

113 3577 186 3635 uiam
211 3578 364 3667 prohibere
383 3589 493 3654 posset,
517 3597 607 3652 seque
630 3579 731 3636 Callia
744 3587 903 3654 nupturam,
917 3580 944 3632 si
965 3593 1013 3662 ct,

111 3665 174 3737 qm
185 3655 382 3733 polliceretur,
395 3655 585 3732 prestitisset.
