<?xml version="1.0" encoding="UTF-8"?>
<!DOCTYPE html PUBLIC "-//W3C//DTD XHTML 1.0 Transitional//EN"
    "http://www.w3.org/TR/xhtml1/DTD/xhtml1-transitional.dtd">
<html xmlns="http://www.w3.org/1999/xhtml" xml:lang="en" lang="en">
 <head>
  <title>
</title>
<meta http-equiv="Content-Type" content="text/html;charset=utf-8" />
  <meta name='ocr-system' content='tesseract 3.04.00' />
  <meta name='ocr-capabilities' content='ocr_page ocr_carea ocr_par ocr_line ocrx_word'/>
</head>
<body>
  <div class='ocr_page' id='page_1' title='image "./corneliusneposw06nepogoog_0067.png"; bbox 0 0 2378 4036; ppageno 0'>
   <div class='ocr_carea' id='block_1_1' title="bbox 157 205 872 312">
    <p class='ocr_par' dir='ltr' id='par_1_1' title="bbox 157 205 872 312">
     <span class='ocr_line' id='line_1_1' title="bbox 157 205 872 312; baseline -0.007 -21"><span class='ocrx_word' id='word_1_1' title='bbox 157 232 200 291; x_wconf 78' lang='grc'><strong>60</strong></span> <span class='ocrx_word' id='word_1_2' title='bbox 348 227 423 292; x_wconf 83' lang='lat' dir='ltr'><strong>XV.</strong></span> <span class='ocrx_word' id='word_1_3' title='bbox 466 205 496 304; x_wconf 60' lang='grc' dir='ltr'><strong>Ξ,</strong></span> <span class='ocrx_word' id='word_1_4' title='bbox 510 235 541 292; x_wconf 83' lang='grc'><strong>3.</strong></span> <span class='ocrx_word' id='word_1_5' title='bbox 592 224 872 312; x_wconf 77' lang='lat' dir='ltr'><em>(Epaminondas.)</em></span> 
     </span>
    </p>
   </div>
   <div class='ocr_carea' id='block_1_2' title="bbox 105 377 1073 2750">
    <p class='ocr_par' dir='ltr' id='par_1_2' title="bbox 155 377 1065 458">
     <span class='ocr_line' id='line_1_2' title="bbox 155 377 1065 458; baseline -0.005 -19"><span class='ocrx_word' id='word_1_6' title='bbox 155 380 261 440; x_wconf 70' lang='lat' dir='ltr'><strong>detero</strong></span> <span class='ocrx_word' id='word_1_7' title='bbox 275 383 503 458; x_wconf 79' lang='lat' dir='ltr'><strong>praetermittere,</strong></span> <span class='ocrx_word' id='word_1_8' title='bbox 518 381 595 458; x_wconf 91' lang='lat' dir='ltr'><strong>quod</strong></span> <span class='ocrx_word' id='word_1_9' title='bbox 615 381 759 458; x_wconf 87' lang='lat' dir='ltr'><strong>pertineat</strong></span> <span class='ocrx_word' id='word_1_10' title='bbox 772 379 808 436; x_wconf 91' lang='lat' dir='ltr'><strong>ad</strong></span> <span class='ocrx_word' id='word_1_11' title='bbox 831 397 897 437; x_wconf 89' lang='lat' dir='ltr'><strong>eam</strong></span> <span class='ocrx_word' id='word_1_12' title='bbox 916 377 1065 436; x_wconf 81' lang='lat' dir='ltr'><strong>declaran-</strong></span> 
     </span>
    </p>

    <p class='ocr_par' dir='ltr' id='par_1_3' title="bbox 115 455 1067 854">
     <span class='ocr_line' id='line_1_3' title="bbox 115 455 1066 537; baseline -0.004 -19"><span class='ocrx_word' id='word_1_13' title='bbox 115 463 135 518; x_wconf 77' lang='lat'>4</span> <span class='ocrx_word' id='word_1_14' title='bbox 155 459 232 518; x_wconf 90' lang='lat' dir='ltr'><strong>dam.</strong></span> <span class='ocrx_word' id='word_1_15' title='bbox 274 460 376 527; x_wconf 82' lang='lat' dir='ltr'><strong>Quare</strong></span> <span class='ocrx_word' id='word_1_16' title='bbox 390 460 521 519; x_wconf 82' lang='lat' dir='ltr'><strong>dicemus</strong></span> <span class='ocrx_word' id='word_1_17' title='bbox 536 461 661 537; x_wconf 90' lang='lat' dir='ltr'><strong>primum</strong></span> <span class='ocrx_word' id='word_1_18' title='bbox 675 459 711 516; x_wconf 91' lang='lat' dir='ltr'><strong>de</strong></span> <span class='ocrx_word' id='word_1_19' title='bbox 725 477 832 535; x_wconf 85' lang='lat' dir='ltr'>genere</span> <span class='ocrx_word' id='word_1_20' title='bbox 847 458 930 533; x_wconf 82' lang='lat' dir='ltr'><strong>ejus3</strong></span> <span class='ocrx_word' id='word_1_21' title='bbox 953 455 1066 526; x_wconf 91' lang='lat' dir='ltr'><strong>deinde,</strong></span> 
     </span>
     <span class='ocr_line' id='line_1_4' title="bbox 154 535 1066 616; baseline -0.005 -19"><span class='ocrx_word' id='word_1_22' title='bbox 154 539 261 616; x_wconf 73' lang='lat' dir='ltr'><strong>quibus</strong></span> <span class='ocrx_word' id='word_1_23' title='bbox 275 539 435 616; x_wconf 87' lang='lat' dir='ltr'><strong>disciplinis</strong></span> <span class='ocrx_word' id='word_1_24' title='bbox 448 549 477 597; x_wconf 91' lang='lat' dir='ltr'><strong>et</strong></span> <span class='ocrx_word' id='word_1_25' title='bbox 499 559 516 596; x_wconf 92' lang='lat' dir='ltr'><strong>a</strong></span> <span class='ocrx_word' id='word_1_26' title='bbox 529 538 636 616; x_wconf 91' lang='lat' dir='ltr'><strong>quibus</strong></span> <span class='ocrx_word' id='word_1_27' title='bbox 649 539 686 595; x_wconf 89' lang='lat' dir='ltr'><strong>sit</strong></span> <span class='ocrx_word' id='word_1_28' title='bbox 702 537 833 595; x_wconf 90' lang='lat' dir='ltr'><strong>eruditus</strong></span> <span class='ocrx_word' id='word_1_29' title='bbox 845 555 853 608; x_wconf 85' lang='lat'>3</span> <span class='ocrx_word' id='word_1_30' title='bbox 876 546 939 593; x_wconf 92' lang='lat' dir='ltr'><strong>tum</strong></span> <span class='ocrx_word' id='word_1_31' title='bbox 958 535 993 593; x_wconf 94' lang='lat' dir='ltr'><strong>de</strong></span> <span class='ocrx_word' id='word_1_32' title='bbox 1008 554 1066 593; x_wconf 87' lang='lat' dir='ltr'><strong>mo-</strong></span> 
     </span>
     <span class='ocr_line' id='line_1_5' title="bbox 155 615 1066 696; baseline -0.004 -22"><span class='ocrx_word' id='word_1_33' title='bbox 155 617 236 675; x_wconf 89' lang='lat' dir='ltr'><strong>ribus</strong></span> <span class='ocrx_word' id='word_1_34' title='bbox 253 619 421 696; x_wconf 87' lang='lat' dir='ltr'>ingeniique</span> <span class='ocrx_word' id='word_1_35' title='bbox 443 617 639 684; x_wconf 85' lang='lat' dir='ltr'><strong>facultatibus,</strong></span> <span class='ocrx_word' id='word_1_36' title='bbox 655 627 682 674; x_wconf 91' lang='lat' dir='ltr'><strong>et</strong></span> <span class='ocrx_word' id='word_1_37' title='bbox 702 617 728 674; x_wconf 89' lang='lat' dir='ltr'><strong>si</strong></span> <span class='ocrx_word' id='word_1_38' title='bbox 748 635 807 692; x_wconf 89' lang='lat' dir='ltr'><strong>qua</strong></span> <span class='ocrx_word' id='word_1_39' title='bbox 821 616 879 673; x_wconf 90' lang='lat' dir='ltr'><strong>alia</strong></span> <span class='ocrx_word' id='word_1_40' title='bbox 899 615 988 692; x_wconf 87' lang='lat' dir='ltr'><strong>digna</strong></span> <span class='ocrx_word' id='word_1_41' title='bbox 1008 633 1066 671; x_wconf 89' lang='lat' dir='ltr'><strong>me-</strong></span> 
     </span>
     <span class='ocr_line' id='line_1_6' title="bbox 155 693 1067 774; baseline -0.004 -20"><span class='ocrx_word' id='word_1_42' title='bbox 155 697 248 755; x_wconf 91' lang='lat' dir='ltr'><strong>moria</strong></span> <span class='ocrx_word' id='word_1_43' title='bbox 261 707 365 770; x_wconf 83' lang='lat' dir='ltr'><strong>erunt3</strong></span> <span class='ocrx_word' id='word_1_44' title='bbox 389 707 531 774; x_wconf 89' lang='lat' dir='ltr'><strong>postremo</strong></span> <span class='ocrx_word' id='word_1_45' title='bbox 545 696 580 754; x_wconf 90' lang='lat' dir='ltr'><strong>de</strong></span> <span class='ocrx_word' id='word_1_46' title='bbox 595 697 683 753; x_wconf 92' lang='lat' dir='ltr'><strong>rebus</strong></span> <span class='ocrx_word' id='word_1_47' title='bbox 702 696 800 772; x_wconf 88' lang='lat' dir='ltr'><strong>gestis,</strong></span> <span class='ocrx_word' id='word_1_48' title='bbox 816 713 882 770; x_wconf 84' lang='lat' dir='ltr'><strong>quae</strong></span> <span class='ocrx_word' id='word_1_49' title='bbox 896 714 914 751; x_wconf 91' lang='lat' dir='ltr'><strong>a</strong></span> <span class='ocrx_word' id='word_1_50' title='bbox 933 693 1067 769; x_wconf 75' lang='lat' dir='ltr'>plurimis</span> 
     </span>
     <span class='ocr_line' id='line_1_7' title="bbox 155 771 795 854; baseline -0.005 -20"><span class='ocrx_word' id='word_1_51' title='bbox 155 776 286 834; x_wconf 90' lang='lat' dir='ltr'><strong>omnium</strong></span> <span class='ocrx_word' id='word_1_52' title='bbox 300 786 514 854; x_wconf 85' lang='lat' dir='ltr'><strong>anteponuntur</strong></span> <span class='ocrx_word' id='word_1_53' title='bbox 527 775 693 833; x_wconf 89' lang='lat' dir='ltr'><strong>virtutibus.</strong></span> <span class='ocrx_word' id='word_1_54' title='bbox 790 771 795 780; x_wconf 87' lang='grc'><strong><em>’</em></strong></span> 
     </span>
    </p>

    <p class='ocr_par' dir='ltr' id='par_1_4' title="bbox 118 852 1073 1406">
     <span class='ocr_line' id='line_1_8' title="bbox 118 852 1067 933; baseline -0.003 -21"><span class='ocrx_word' id='word_1_55' title='bbox 118 856 134 912; x_wconf 92' lang='lat'>1</span> <span class='ocrx_word' id='word_1_56' title='bbox 196 853 235 912; x_wconf 87' lang='grc' dir='ltr'><strong>ΙΙ.</strong></span> <span class='ocrx_word' id='word_1_57' title='bbox 257 853 355 913; x_wconf 89' lang='lat' dir='ltr'><strong>Natus</strong></span> <span class='ocrx_word' id='word_1_58' title='bbox 375 856 465 933; x_wconf 87' lang='lat' dir='ltr'><strong>igitur</strong></span> <span class='ocrx_word' id='word_1_59' title='bbox 478 864 568 932; x_wconf 91' lang='lat' dir='ltr'><strong>patre,</strong></span> <span class='ocrx_word' id='word_1_60' title='bbox 585 873 642 930; x_wconf 92' lang='lat' dir='ltr'><strong>quo</strong></span> <span class='ocrx_word' id='word_1_61' title='bbox 657 853 791 923; x_wconf 81' lang='lat' dir='ltr'>diximus,</span> <span class='ocrx_word' id='word_1_62' title='bbox 813 852 931 910; x_wconf 87' lang='lat' dir='ltr'><strong>honesto</strong></span> <span class='ocrx_word' id='word_1_63' title='bbox 949 869 1067 930; x_wconf 82' lang='lat' dir='ltr'>genere,</span> 
     </span>
     <span class='ocr_line' id='line_1_9' title="bbox 156 931 1067 1011; baseline -0.002 -21"><span class='ocrx_word' id='word_1_64' title='bbox 156 951 267 1010; x_wconf 89' lang='lat' dir='ltr'><strong>pauper</strong></span> <span class='ocrx_word' id='word_1_65' title='bbox 283 934 345 1010; x_wconf 90' lang='lat' dir='ltr'><strong>jam</strong></span> <span class='ocrx_word' id='word_1_66' title='bbox 366 954 384 992; x_wconf 90' lang='lat' dir='ltr'><strong>a</strong></span> <span class='ocrx_word' id='word_1_67' title='bbox 404 934 562 1011; x_wconf 88' lang='lat' dir='ltr'><strong>majoribus</strong></span> <span class='ocrx_word' id='word_1_68' title='bbox 583 933 722 1004; x_wconf 83' lang='lat' dir='ltr'><strong>relictus3</strong></span> <span class='ocrx_word' id='word_1_69' title='bbox 744 931 876 989; x_wconf 89' lang='lat' dir='ltr'><strong>eruditus</strong></span> <span class='ocrx_word' id='word_1_70' title='bbox 897 942 993 989; x_wconf 86' lang='lat' dir='ltr'><strong>autem</strong></span> <span class='ocrx_word' id='word_1_71' title='bbox 1015 931 1067 1000; x_wconf 91' lang='lat' dir='ltr'><strong>sie,</strong></span> 
     </span>
     <span class='ocr_line' id='line_1_10' title="bbox 156 1010 1067 1090; baseline -0.003 -21"><span class='ocrx_word' id='word_1_72' title='bbox 156 1020 189 1069; x_wconf 90' lang='lat' dir='ltr'><strong>ut</strong></span> <span class='ocrx_word' id='word_1_73' title='bbox 202 1030 287 1069; x_wconf 91' lang='lat' dir='ltr'><strong>nemo</strong></span> <span class='ocrx_word' id='word_1_74' title='bbox 301 1012 461 1071; x_wconf 81' lang='lat' dir='ltr'>Thebanus</span> <span class='ocrx_word' id='word_1_75' title='bbox 475 1013 579 1090; x_wconf 83' lang='lat' dir='ltr'><strong>magis.</strong></span> <span class='ocrx_word' id='word_1_76' title='bbox 621 1011 651 1070; x_wconf 97' lang='lat' dir='ltr'>N</span> <span class='ocrx_word' id='word_1_77' title='bbox 654 1031 701 1068; x_wconf 90' lang='lat' dir='ltr'><strong>am</strong></span> <span class='ocrx_word' id='word_1_78' title='bbox 715 1020 744 1068; x_wconf 88' lang='lat' dir='ltr'><strong>et</strong></span> <span class='ocrx_word' id='word_1_79' title='bbox 759 1010 942 1080; x_wconf 89' lang='lat' dir='ltr'><strong>citharizare,</strong></span> <span class='ocrx_word' id='word_1_80' title='bbox 957 1019 986 1067; x_wconf 91' lang='lat' dir='ltr'><strong>et</strong></span> <span class='ocrx_word' id='word_1_81' title='bbox 999 1028 1067 1066; x_wconf 89' lang='lat' dir='ltr'><strong>can·</strong></span> 
     </span>
     <span class='ocr_line' id='line_1_11' title="bbox 156 1088 1068 1167; baseline -0.003 -19"><span class='ocrx_word' id='word_1_82' title='bbox 156 1100 219 1149; x_wconf 87' lang='lat' dir='ltr'><strong>tare</strong></span> <span class='ocrx_word' id='word_1_83' title='bbox 241 1091 277 1149; x_wconf 92' lang='lat' dir='ltr'><strong>ad</strong></span> <span class='ocrx_word' id='word_1_84' title='bbox 301 1092 476 1150; x_wconf 90' lang='lat' dir='ltr'><strong>chordarum</strong></span> <span class='ocrx_word' id='word_1_85' title='bbox 500 1110 602 1150; x_wconf 90' lang='lat' dir='ltr'><strong>sonum</strong></span> <span class='ocrx_word' id='word_1_86' title='bbox 624 1091 725 1149; x_wconf 88' lang='lat' dir='ltr'><strong>doetus</strong></span> <span class='ocrx_word' id='word_1_87' title='bbox 746 1099 790 1148; x_wconf 91' lang='lat' dir='ltr'><strong>est</strong></span> <span class='ocrx_word' id='word_1_88' title='bbox 810 1109 828 1146; x_wconf 91' lang='lat' dir='ltr'><strong>a</strong></span> <span class='ocrx_word' id='word_1_89' title='bbox 851 1088 1002 1166; x_wconf 90' lang='lat' dir='ltr'><strong>Dionysio,</strong></span> <span class='ocrx_word' id='word_1_90' title='bbox 1017 1088 1068 1167; x_wconf 70' lang='lat' dir='ltr'><strong>qul</strong></span> 
     </span>
     <span class='ocr_line' id='line_1_12' title="bbox 156 1167 1068 1248; baseline -0.002 -22"><span class='ocrx_word' id='word_1_91' title='bbox 156 1187 213 1229; x_wconf 89' lang='lat' dir='ltr'><strong>non</strong></span> <span class='ocrx_word' id='word_1_92' title='bbox 238 1172 349 1229; x_wconf 89' lang='lat' dir='ltr'><strong>minore</strong></span> <span class='ocrx_word' id='word_1_93' title='bbox 374 1169 430 1229; x_wconf 87' lang='lat' dir='ltr'><strong>fuit</strong></span> <span class='ocrx_word' id='word_1_94' title='bbox 453 1172 483 1228; x_wconf 89' lang='lat' dir='ltr'><strong>in</strong></span> <span class='ocrx_word' id='word_1_95' title='bbox 503 1171 623 1228; x_wconf 88' lang='lat' dir='ltr'><strong>musicis</strong></span> <span class='ocrx_word' id='word_1_96' title='bbox 646 1170 749 1248; x_wconf 87' lang='lat' dir='ltr'><strong>gloria,</strong></span> <span class='ocrx_word' id='word_1_97' title='bbox 773 1187 862 1244; x_wconf 91' lang='lat' dir='ltr'><strong>quam</strong></span> <span class='ocrx_word' id='word_1_98' title='bbox 883 1167 997 1226; x_wconf 85' lang='lat' dir='ltr'>Damon</span> <span class='ocrx_word' id='word_1_99' title='bbox 1018 1177 1068 1225; x_wconf 89' lang='lat' dir='ltr'><strong>aut</strong></span> 
     </span>
     <span class='ocr_line' id='line_1_13' title="bbox 158 1245 1068 1327; baseline -0.004 -20"><span class='ocrx_word' id='word_1_100' title='bbox 158 1246 313 1326; x_wconf 73' lang='lat' dir='ltr'><strong>Lamprus,</strong></span> <span class='ocrx_word' id='word_1_101' title='bbox 335 1268 460 1326; x_wconf 88' lang='lat' dir='ltr'><strong>quorum</strong></span> <span class='ocrx_word' id='word_1_102' title='bbox 481 1249 653 1327; x_wconf 86' lang='lat' dir='ltr'><strong>pervulgata</strong></span> <span class='ocrx_word' id='word_1_103' title='bbox 668 1257 735 1306; x_wconf 88' lang='lat' dir='ltr'><strong>sunt</strong></span> <span class='ocrx_word' id='word_1_104' title='bbox 749 1247 866 1305; x_wconf 90' lang='lat' dir='ltr'><strong>nomina</strong></span> <span class='ocrx_word' id='word_1_105' title='bbox 875 1267 885 1320; x_wconf 92' lang='lat'>;</span> <span class='ocrx_word' id='word_1_106' title='bbox 909 1245 1068 1324; x_wconf 78' lang='lat' dir='ltr'><strong>[earmina]</strong></span> 
     </span>
     <span class='ocr_line' id='line_1_14' title="bbox 157 1326 1073 1406; baseline -0.004 -20"><span class='ocrx_word' id='word_1_107' title='bbox 157 1338 277 1386; x_wconf 89' lang='lat' dir='ltr'><strong>cantare</strong></span> <span class='ocrx_word' id='word_1_108' title='bbox 301 1330 379 1386; x_wconf 89' lang='lat' dir='ltr'><strong>tibiis</strong></span> <span class='ocrx_word' id='word_1_109' title='bbox 400 1329 435 1386; x_wconf 93' lang='lat' dir='ltr'><strong>ab</strong></span> <span class='ocrx_word' id='word_1_110' title='bbox 463 1328 678 1406; x_wconf 89' lang='lat' dir='ltr'><strong>Olympiodoro,</strong></span> <span class='ocrx_word' id='word_1_111' title='bbox 700 1327 807 1385; x_wconf 89' lang='lat' dir='ltr'><strong>saltare</strong></span> <span class='ocrx_word' id='word_1_112' title='bbox 832 1347 850 1385; x_wconf 89' lang='lat' dir='ltr'><strong>a</strong></span> <span class='ocrx_word' id='word_1_113' title='bbox 871 1326 1073 1403; x_wconf 84' lang='lat' dir='ltr'><strong>Calliphrone.-</strong></span> 
     </span>
    </p>

    <p class='ocr_par' dir='ltr' id='par_1_5' title="bbox 118 1403 1070 1641">
     <span class='ocr_line' id='line_1_15' title="bbox 118 1403 1068 1484; baseline -0.003 -21"><span class='ocrx_word' id='word_1_114' title='bbox 118 1409 138 1463; x_wconf 81' lang='lat'><strong>2</strong></span> <span class='ocrx_word' id='word_1_115' title='bbox 159 1406 200 1464; x_wconf 89' lang='lat' dir='ltr'><strong>At</strong></span> <span class='ocrx_word' id='word_1_116' title='bbox 214 1407 400 1484; x_wconf 74' lang='lat' dir='ltr'><strong>philosophiae</strong></span> <span class='ocrx_word' id='word_1_117' title='bbox 410 1417 615 1484; x_wconf 82' lang='lat' dir='ltr'><strong>preceptorem</strong></span> <span class='ocrx_word' id='word_1_118' title='bbox 630 1407 730 1464; x_wconf 89' lang='lat' dir='ltr'><strong>habuit</strong></span> <span class='ocrx_word' id='word_1_119' title='bbox 739 1403 853 1482; x_wconf 90' lang='lat' dir='ltr'><strong>Lysim,</strong></span> <span class='ocrx_word' id='word_1_120' title='bbox 865 1405 1068 1473; x_wconf 87' lang='lat' dir='ltr'><strong>Tarentinum,</strong></span> 
     </span>
     <span class='ocr_line' id='line_1_16' title="bbox 158 1483 1068 1564; baseline -0.003 -21"><span class='ocrx_word' id='word_1_121' title='bbox 158 1485 389 1564; x_wconf 87' lang='lat' dir='ltr'><strong>Pythagoreum:</strong></span> <span class='ocrx_word' id='word_1_122' title='bbox 411 1488 461 1544; x_wconf 91' lang='lat' dir='ltr'><strong>cui</strong></span> <span class='ocrx_word' id='word_1_123' title='bbox 483 1487 599 1563; x_wconf 91' lang='lat' dir='ltr'><strong>quidem</strong></span> <span class='ocrx_word' id='word_1_124' title='bbox 621 1487 665 1561; x_wconf 72' lang='lat' dir='ltr'><strong>sie</strong></span> <span class='ocrx_word' id='word_1_125' title='bbox 689 1484 744 1543; x_wconf 82' lang='lat' dir='ltr'><strong>luit</strong></span> <span class='ocrx_word' id='word_1_126' title='bbox 767 1485 890 1555; x_wconf 87' lang='lat' dir='ltr'><strong>deditus,</strong></span> <span class='ocrx_word' id='word_1_127' title='bbox 907 1494 943 1554; x_wconf 15' lang='lat' dir='ltr'><strong>Aut</strong></span> <span class='ocrx_word' id='word_1_128' title='bbox 961 1483 1068 1541; x_wconf 87' lang='lat' dir='ltr'><strong>adoles-</strong></span> 
     </span>
     <span class='ocr_line' id='line_1_17' title="bbox 159 1560 1070 1641; baseline -0.002 -19"><span class='ocrx_word' id='word_1_129' title='bbox 159 1582 229 1622; x_wconf 90' lang='lat' dir='ltr'><strong>cens</strong></span> <span class='ocrx_word' id='word_1_130' title='bbox 242 1565 352 1623; x_wconf 87' lang='lat' dir='ltr'><strong>tristem</strong></span> <span class='ocrx_word' id='word_1_131' title='bbox 366 1575 395 1624; x_wconf 90' lang='lat' dir='ltr'><strong>et</strong></span> <span class='ocrx_word' id='word_1_132' title='bbox 415 1584 551 1624; x_wconf 90' lang='lat' dir='ltr'><strong>severum</strong></span> <span class='ocrx_word' id='word_1_133' title='bbox 570 1584 669 1623; x_wconf 87' lang='lat' dir='ltr'><strong>senem</strong></span> <span class='ocrx_word' id='word_1_134' title='bbox 683 1565 817 1623; x_wconf 91' lang='lat' dir='ltr'><strong>omnibus</strong></span> <span class='ocrx_word' id='word_1_135' title='bbox 833 1560 995 1641; x_wconf 72' lang='lat' dir='ltr'><strong>aequalibus</strong></span> <span class='ocrx_word' id='word_1_136' title='bbox 1009 1563 1070 1620; x_wconf 90' lang='lat' dir='ltr'><strong>suis</strong></span> 
     </span>
    </p>

    <p class='ocr_par' dir='ltr' id='par_1_6' title="bbox 78 1641 1070 1881">
     <span class='ocr_line' id='line_1_18' title="bbox 105 1641 1068 1725; baseline -0.001 -25.027"><span class='ocrx_word' id='word_1_137' title='bbox 105 1672 125 1685; x_wconf 40' lang='lat' dir='ltr'><strong><em>a</em></strong></span> <span class='ocrx_word' id='word_1_138' title='bbox 158 1643 189 1700; x_wconf 89' lang='lat' dir='ltr'><strong>in</strong></span> <span class='ocrx_word' id='word_1_139' title='bbox 210 1641 407 1703; x_wconf 81' lang='lat' dir='ltr'><strong>familiaritate</strong></span> <span class='ocrx_word' id='word_1_140' title='bbox 427 1646 629 1725; x_wconf 79' lang='lat' dir='ltr'><strong>anteposuerit,</strong></span> <span class='ocrx_word' id='word_1_141' title='bbox 649 1663 743 1721; x_wconf 90' lang='lat' dir='ltr'><strong>neque</strong></span> <span class='ocrx_word' id='word_1_142' title='bbox 758 1644 839 1721; x_wconf 88' lang='lat' dir='ltr'><strong>prius</strong></span> <span class='ocrx_word' id='word_1_143' title='bbox 856 1662 923 1701; x_wconf 90' lang='lat' dir='ltr'><strong>eum</strong></span> <span class='ocrx_word' id='word_1_144' title='bbox 945 1662 962 1699; x_wconf 90' lang='lat' dir='ltr'><strong>a</strong></span> <span class='ocrx_word' id='word_1_145' title='bbox 982 1661 1014 1700; x_wconf 94' lang='lat' dir='ltr'><strong>se</strong></span> <span class='ocrx_word' id='word_1_146' title='bbox 1028 1641 1068 1699; x_wconf 91' lang='lat' dir='ltr'><strong>di-</strong></span> 
     </span>
     <span class='ocr_line' id='line_1_19' title="bbox 159 1718 1069 1809; baseline -0.002 -28"><span class='ocrx_word' id='word_1_147' title='bbox 159 1723 373 1809; x_wconf 52' lang='lat' dir='ltr'><strong>Elbfflstrquam</strong></span> <span class='ocrx_word' id='word_1_148' title='bbox 383 1725 412 1781; x_wconf 94' lang='lat' dir='ltr'><strong>in</strong></span> <span class='ocrx_word' id='word_1_149' title='bbox 421 1724 644 1782; x_wconf 89' lang='lat' dir='ltr'><strong>doctrinistanto</strong></span> <span class='ocrx_word' id='word_1_150' title='bbox 653 1723 840 1781; x_wconf 87' lang='lat' dir='ltr'><strong>antecesserit</strong></span> <span class='ocrx_word' id='word_1_151' title='bbox 848 1718 1069 1799; x_wconf 58' lang='lat' dir='ltr'><strong>condiscipuffi,</strong></span> 
     </span>
     <span class='ocr_line' id='line_1_20' title="bbox 160 1801 1070 1881; baseline -0.002 -21"><span class='ocrx_word' id='word_1_152' title='bbox 160 1812 192 1861; x_wconf 90' lang='lat' dir='ltr'><strong>ut</strong></span> <span class='ocrx_word' id='word_1_153' title='bbox 207 1801 293 1861; x_wconf 85' lang='lat' dir='ltr'><strong>facile</strong></span> <span class='ocrx_word' id='word_1_154' title='bbox 307 1803 431 1881; x_wconf 89' lang='lat' dir='ltr'><strong>intelligi</strong></span> <span class='ocrx_word' id='word_1_155' title='bbox 446 1814 549 1880; x_wconf 89' lang='lat' dir='ltr'><strong>posset,</strong></span> <span class='ocrx_word' id='word_1_156' title='bbox 571 1804 634 1881; x_wconf 86' lang='lat' dir='ltr'><strong>pari</strong></span> <span class='ocrx_word' id='word_1_157' title='bbox 655 1801 738 1861; x_wconf 91' lang='lat' dir='ltr'><strong>modo</strong></span> <span class='ocrx_word' id='word_1_158' title='bbox 751 1811 957 1878; x_wconf 88' lang='lat' dir='ltr'><strong>superaturum</strong></span> <span class='ocrx_word' id='word_1_159' title='bbox 971 1820 1070 1858; x_wconf 89' lang='lat' dir='ltr'><strong>omnes</strong></span> 
     </span>
    </p>

    <p class='ocr_par' dir='ltr' id='par_1_7' title="bbox 121 1879 1071 2038">
     <span class='ocr_line' id='line_1_21' title="bbox 121 1879 1069 1959; baseline -0.005 -18"><span class='ocrx_word' id='word_1_160' title='bbox 121 1887 140 1941; x_wconf 77' lang='grc'><strong>3</strong></span> <span class='ocrx_word' id='word_1_161' title='bbox 160 1882 191 1939; x_wconf 89' lang='lat' dir='ltr'><strong>in</strong></span> <span class='ocrx_word' id='word_1_162' title='bbox 206 1883 312 1940; x_wconf 90' lang='lat' dir='ltr'><strong>ceteris</strong></span> <span class='ocrx_word' id='word_1_163' title='bbox 331 1883 449 1941; x_wconf 87' lang='lat' dir='ltr'><strong>artibus.</strong></span> <span class='ocrx_word' id='word_1_164' title='bbox 492 1884 591 1959; x_wconf 86' lang='lat' dir='ltr'><strong>Atque</strong></span> <span class='ocrx_word' id='word_1_165' title='bbox 612 1883 675 1940; x_wconf 86' lang='lat' dir='ltr'><strong>haec</strong></span> <span class='ocrx_word' id='word_1_166' title='bbox 690 1881 725 1939; x_wconf 91' lang='lat' dir='ltr'><strong>ad</strong></span> <span class='ocrx_word' id='word_1_167' title='bbox 746 1890 873 1939; x_wconf 89' lang='lat' dir='ltr'><strong>nostram</strong></span> <span class='ocrx_word' id='word_1_168' title='bbox 888 1879 1069 1939; x_wconf 89' lang='lat' dir='ltr'><strong>consuetudi-</strong></span> 
     </span>
     <span class='ocr_line' id='line_1_22' title="bbox 160 1959 1071 2038; baseline -0.002 -20"><span class='ocrx_word' id='word_1_169' title='bbox 160 1979 228 2018; x_wconf 90' lang='lat' dir='ltr'><strong>nem</strong></span> <span class='ocrx_word' id='word_1_170' title='bbox 241 1973 309 2020; x_wconf 90' lang='lat' dir='ltr'><strong>sunt</strong></span> <span class='ocrx_word' id='word_1_171' title='bbox 331 1961 416 2032; x_wconf 89' lang='lat' dir='ltr'><strong>levia,</strong></span> <span class='ocrx_word' id='word_1_172' title='bbox 439 1972 467 2020; x_wconf 90' lang='lat' dir='ltr'><strong>et</strong></span> <span class='ocrx_word' id='word_1_173' title='bbox 491 1963 584 2038; x_wconf 89' lang='lat' dir='ltr'><strong>potius</strong></span> <span class='ocrx_word' id='word_1_174' title='bbox 601 1959 829 2033; x_wconf 81' lang='lat' dir='ltr'><strong>contemnenda3</strong></span> <span class='ocrx_word' id='word_1_175' title='bbox 853 1969 882 2018; x_wconf 90' lang='lat' dir='ltr'><strong>at</strong></span> <span class='ocrx_word' id='word_1_176' title='bbox 902 1960 933 2016; x_wconf 89' lang='lat' dir='ltr'><strong>in</strong></span> <span class='ocrx_word' id='word_1_177' title='bbox 954 1959 1071 2018; x_wconf 82' lang='lat' dir='ltr'><strong>Graecia</strong></span> 
     </span>
    </p>

    <p class='ocr_par' dir='ltr' id='par_1_8' title="bbox 121 2038 1071 2348">
     <span class='ocr_line' id='line_1_23' title="bbox 121 2038 1071 2118; baseline -0.003 -20"><span class='ocrx_word' id='word_1_178' title='bbox 121 2045 141 2098; x_wconf 80' lang='lat'>4</span> <span class='ocrx_word' id='word_1_179' title='bbox 162 2041 262 2116; x_wconf 91' lang='lat' dir='ltr'><strong>utique</strong></span> <span class='ocrx_word' id='word_1_180' title='bbox 284 2038 353 2097; x_wconf 90' lang='lat' dir='ltr'><strong>olim</strong></span> <span class='ocrx_word' id='word_1_181' title='bbox 379 2059 493 2118; x_wconf 81' lang='lat' dir='ltr'><strong>magnae</strong></span> <span class='ocrx_word' id='word_1_182' title='bbox 517 2040 599 2098; x_wconf 88' lang='lat' dir='ltr'><strong>laudi</strong></span> <span class='ocrx_word' id='word_1_183' title='bbox 621 2050 713 2098; x_wconf 89' lang='lat' dir='ltr'><strong>erant.</strong></span> <span class='ocrx_word' id='word_1_184' title='bbox 764 2038 919 2116; x_wconf 91' lang='lat' dir='ltr'><strong>Postquam</strong></span> <span class='ocrx_word' id='word_1_185' title='bbox 942 2038 1071 2114; x_wconf 90' lang='lat' dir='ltr'><strong>ephebus</strong></span> 
     </span>
     <span class='ocr_line' id='line_1_24' title="bbox 162 2117 1070 2196; baseline -0.001 -21"><span class='ocrx_word' id='word_1_186' title='bbox 162 2117 257 2175; x_wconf 82' lang='lat' dir='ltr'><strong>factus</strong></span> <span class='ocrx_word' id='word_1_187' title='bbox 279 2128 330 2187; x_wconf 90' lang='lat' dir='ltr'><strong>est,</strong></span> <span class='ocrx_word' id='word_1_188' title='bbox 354 2129 382 2176; x_wconf 91' lang='lat' dir='ltr'><strong>et</strong></span> <span class='ocrx_word' id='word_1_189' title='bbox 406 2119 548 2194; x_wconf 85' lang='lat' dir='ltr'><strong>palaestrae</strong></span> <span class='ocrx_word' id='word_1_190' title='bbox 570 2117 639 2176; x_wconf 88' lang='lat' dir='ltr'><strong>dare</strong></span> <span class='ocrx_word' id='word_1_191' title='bbox 663 2138 781 2196; x_wconf 89' lang='lat' dir='ltr'><strong>operam</strong></span> <span class='ocrx_word' id='word_1_192' title='bbox 806 2119 903 2195; x_wconf 87' lang='lat' dir='ltr'><strong>coepit,</strong></span> <span class='ocrx_word' id='word_1_193' title='bbox 926 2136 983 2175; x_wconf 91' lang='lat' dir='ltr'><strong>non</strong></span> <span class='ocrx_word' id='word_1_194' title='bbox 1011 2127 1070 2174; x_wconf 85' lang='lat' dir='ltr'><strong>tam</strong></span> 
     </span>
     <span class='ocr_line' id='line_1_25' title="bbox 161 2195 1071 2275; baseline -0.001 -22"><span class='ocrx_word' id='word_1_195' title='bbox 161 2196 352 2273; x_wconf 86' lang='lat' dir='ltr'><strong>magnitudini</strong></span> <span class='ocrx_word' id='word_1_196' title='bbox 379 2197 485 2254; x_wconf 90' lang='lat' dir='ltr'><strong>virium</strong></span> <span class='ocrx_word' id='word_1_197' title='bbox 507 2198 635 2268; x_wconf 87' lang='lat' dir='ltr'><strong>servivit,</strong></span> <span class='ocrx_word' id='word_1_198' title='bbox 663 2217 752 2275; x_wconf 92' lang='lat' dir='ltr'><strong>quam</strong></span> <span class='ocrx_word' id='word_1_199' title='bbox 780 2198 935 2256; x_wconf 82' lang='lat' dir='ltr'><strong>velocitati.</strong></span> <span class='ocrx_word' id='word_1_200' title='bbox 986 2195 1071 2254; x_wconf 88' lang='lat' dir='ltr'><strong>Illam</strong></span> 
     </span>
     <span class='ocr_line' id='line_1_26' title="bbox 162 2274 1071 2348; baseline -0.001 -15"><span class='ocrx_word' id='word_1_201' title='bbox 162 2276 240 2333; x_wconf 90' lang='lat' dir='ltr'><strong>euim</strong></span> <span class='ocrx_word' id='word_1_202' title='bbox 263 2274 297 2331; x_wconf 91' lang='lat' dir='ltr'><strong>ad</strong></span> <span class='ocrx_word' id='word_1_203' title='bbox 321 2274 496 2333; x_wconf 88' lang='lat' dir='ltr'><strong>athletarum</strong></span> <span class='ocrx_word' id='word_1_204' title='bbox 522 2295 617 2348; x_wconf 90' lang='lat' dir='ltr'><strong>usum,</strong></span> <span class='ocrx_word' id='word_1_205' title='bbox 640 2277 716 2335; x_wconf 91' lang='lat' dir='ltr'><strong>hanc</strong></span> <span class='ocrx_word' id='word_1_206' title='bbox 743 2276 779 2334; x_wconf 89' lang='lat' dir='ltr'><strong>ad</strong></span> <span class='ocrx_word' id='word_1_207' title='bbox 798 2276 867 2334; x_wconf 90' lang='lat' dir='ltr'><strong>belli</strong></span> <span class='ocrx_word' id='word_1_208' title='bbox 886 2275 1071 2334; x_wconf 86' lang='lat' dir='ltr'><strong>existimabat</strong></span> 
     </span>
    </p>

    <p class='ocr_par' dir='ltr' id='par_1_9' title="bbox 122 2353 1069 2650">
     <span class='ocr_line' id='line_1_27' title="bbox 122 2353 1068 2432; baseline -0.002 -20"><span class='ocrx_word' id='word_1_209' title='bbox 122 2353 314 2412; x_wconf 78' lang='lat' dir='ltr'><strong>butilitatem</strong></span> <span class='ocrx_word' id='word_1_210' title='bbox 343 2356 495 2431; x_wconf 89' lang='lat' dir='ltr'><strong>pertinere.</strong></span> <span class='ocrx_word' id='word_1_211' title='bbox 559 2355 661 2432; x_wconf 88' lang='lat' dir='ltr'><strong>Itaque</strong></span> <span class='ocrx_word' id='word_1_212' title='bbox 689 2356 880 2414; x_wconf 87' lang='lat' dir='ltr'><strong>exercebatur</strong></span> <span class='ocrx_word' id='word_1_213' title='bbox 909 2355 1068 2432; x_wconf 91' lang='lat' dir='ltr'><strong>plurimum</strong></span> 
     </span>
     <span class='ocr_line' id='line_1_28' title="bbox 162 2433 1069 2511; baseline 0 -21"><span class='ocrx_word' id='word_1_214' title='bbox 162 2433 305 2490; x_wconf 90' lang='lat' dir='ltr'><strong>currendo</strong></span> <span class='ocrx_word' id='word_1_215' title='bbox 326 2443 354 2491; x_wconf 91' lang='lat' dir='ltr'><strong>et</strong></span> <span class='ocrx_word' id='word_1_216' title='bbox 378 2433 515 2493; x_wconf 84' lang='lat' dir='ltr'><strong>luctando</strong></span> <span class='ocrx_word' id='word_1_217' title='bbox 530 2435 566 2492; x_wconf 92' lang='lat' dir='ltr'><strong>ad</strong></span> <span class='ocrx_word' id='word_1_218' title='bbox 587 2455 654 2494; x_wconf 92' lang='lat' dir='ltr'><strong>eum</strong></span> <span class='ocrx_word' id='word_1_219' title='bbox 669 2435 765 2505; x_wconf 91' lang='lat' dir='ltr'><strong>finem,</strong></span> <span class='ocrx_word' id='word_1_220' title='bbox 783 2434 877 2511; x_wconf 90' lang='lat' dir='ltr'><strong>quoad</strong></span> <span class='ocrx_word' id='word_1_221' title='bbox 898 2444 978 2491; x_wconf 88' lang='lat' dir='ltr'><strong>stans</strong></span> <span class='ocrx_word' id='word_1_222' title='bbox 995 2453 1069 2491; x_wconf 89' lang='lat' dir='ltr'><strong>com·</strong></span> 
     </span>
     <span class='ocr_line' id='line_1_29' title="bbox 163 2511 1069 2590; baseline 0 -22"><span class='ocrx_word' id='word_1_223' title='bbox 163 2511 249 2588; x_wconf 88' lang='lat' dir='ltr'><strong>plecti</strong></span> <span class='ocrx_word' id='word_1_224' title='bbox 273 2523 367 2588; x_wconf 88' lang='lat' dir='ltr'><strong>posset</strong></span> <span class='ocrx_word' id='word_1_225' title='bbox 390 2523 476 2589; x_wconf 89' lang='lat' dir='ltr'><strong>atque</strong></span> <span class='ocrx_word' id='word_1_226' title='bbox 498 2514 680 2572; x_wconf 89' lang='lat' dir='ltr'><strong>contendere.</strong></span> <span class='ocrx_word' id='word_1_227' title='bbox 737 2514 770 2572; x_wconf 93' lang='lat' dir='ltr'><strong>ln</strong></span> <span class='ocrx_word' id='word_1_228' title='bbox 794 2515 883 2570; x_wconf 90' lang='lat' dir='ltr'><strong>annis</strong></span> <span class='ocrx_word' id='word_1_229' title='bbox 910 2514 1069 2590; x_wconf 90' lang='lat' dir='ltr'><strong>plurimum</strong></span> 
     </span>
     <span class='ocr_line' id='line_1_30' title="bbox 161 2590 459 2650; baseline 0.007 -2"><span class='ocrx_word' id='word_1_230' title='bbox 161 2590 249 2648; x_wconf 90' lang='lat' dir='ltr'><strong>studii</strong></span> <span class='ocrx_word' id='word_1_231' title='bbox 263 2593 459 2650; x_wconf 86' lang='lat' dir='ltr'><strong>consumebat.</strong></span> 
     </span>
    </p>

    <p class='ocr_par' dir='ltr' id='par_1_10' title="bbox 124 2669 1069 2750">
     <span class='ocr_line' id='line_1_31' title="bbox 124 2669 1069 2750; baseline 0 -22"><span class='ocrx_word' id='word_1_232' title='bbox 124 2674 139 2728; x_wconf 94' lang='lat'>1</span> <span class='ocrx_word' id='word_1_233' title='bbox 201 2669 254 2728; x_wconf 90' lang='lat' dir='ltr'><strong>III.</strong></span> <span class='ocrx_word' id='word_1_234' title='bbox 278 2669 326 2727; x_wconf 86' lang='lat' dir='ltr'><strong>Ad</strong></span> <span class='ocrx_word' id='word_1_235' title='bbox 337 2671 413 2729; x_wconf 87' lang='lat' dir='ltr'><strong>hanc</strong></span> <span class='ocrx_word' id='word_1_236' title='bbox 423 2673 551 2749; x_wconf 89' lang='lat' dir='ltr'><strong>corporis</strong></span> <span class='ocrx_word' id='word_1_237' title='bbox 565 2673 730 2731; x_wconf 88' lang='lat' dir='ltr'><strong>firmitatem</strong></span> <span class='ocrx_word' id='word_1_238' title='bbox 745 2673 871 2750; x_wconf 85' lang='lat' dir='ltr'><strong>plurima</strong></span> <span class='ocrx_word' id='word_1_239' title='bbox 881 2672 968 2729; x_wconf 87' lang='lat' dir='ltr'><strong>etiam</strong></span> <span class='ocrx_word' id='word_1_240' title='bbox 983 2671 1069 2729; x_wconf 90' lang='lat' dir='ltr'><strong>animi</strong></span> 
     </span>
    </p>
   </div>
   <div class='ocr_carea' id='block_1_3' title="bbox 162 2749 1167 2827">
    <p class='ocr_par' dir='ltr' id='par_1_11' title="bbox 162 2749 1167 2827">
     <span class='ocr_line' id='line_1_32' title="bbox 162 2749 1167 2827; baseline -0.002 -19"><span class='ocrx_word' id='word_1_241' title='bbox 162 2749 236 2808; x_wconf 87' lang='lat' dir='ltr'><strong>bona</strong></span> <span class='ocrx_word' id='word_1_242' title='bbox 250 2760 443 2824; x_wconf 82' lang='lat' dir='ltr'><strong>accesserant.</strong></span> <span class='ocrx_word' id='word_1_243' title='bbox 476 2751 549 2809; x_wconf 89' lang='lat' dir='ltr'><strong>Erat</strong></span> <span class='ocrx_word' id='word_1_244' title='bbox 559 2753 636 2809; x_wconf 91' lang='lat' dir='ltr'><strong>enim</strong></span> <span class='ocrx_word' id='word_1_245' title='bbox 648 2752 801 2822; x_wconf 89' lang='lat' dir='ltr'><strong>modestus,</strong></span> <span class='ocrx_word' id='word_1_246' title='bbox 812 2751 947 2827; x_wconf 91' lang='lat' dir='ltr'><strong>prudeus,</strong></span> <span class='ocrx_word' id='word_1_247' title='bbox 962 2751 1070 2827; x_wconf 86' lang='lat' dir='ltr'><strong>gravis,</strong></span> <span class='ocrx_word' id='word_1_248' title='bbox 1161 2766 1167 2783; x_wconf 77' lang='lat'>¹</span> 
     </span>
    </p>
   </div>
   <div class='ocr_carea' id='block_1_4' title="bbox 113 2829 1091 3696">
    <p class='ocr_par' dir='ltr' id='par_1_12' title="bbox 113 2829 1091 3696">
     <span class='ocr_line' id='line_1_33' title="bbox 161 2829 1070 2906; baseline -0.002 -18"><span class='ocrx_word' id='word_1_249' title='bbox 161 2829 338 2906; x_wconf 87' lang='lat' dir='ltr'><strong>temporibus</strong></span> <span class='ocrx_word' id='word_1_250' title='bbox 358 2829 504 2904; x_wconf 88' lang='lat' dir='ltr'><strong>sapienter</strong></span> <span class='ocrx_word' id='word_1_251' title='bbox 524 2840 616 2901; x_wconf 89' lang='lat' dir='ltr'><strong>utens,</strong></span> <span class='ocrx_word' id='word_1_252' title='bbox 641 2833 749 2906; x_wconf 89' lang='lat' dir='ltr'><strong>peritus</strong></span> <span class='ocrx_word' id='word_1_253' title='bbox 771 2830 847 2901; x_wconf 87' lang='lat' dir='ltr'><strong>belli,</strong></span> <span class='ocrx_word' id='word_1_254' title='bbox 871 2829 951 2888; x_wconf 89' lang='lat' dir='ltr'><strong>fortis</strong></span> <span class='ocrx_word' id='word_1_255' title='bbox 972 2848 1070 2898; x_wconf 91' lang='lat' dir='ltr'><strong>manu,</strong></span> 
     </span>
     <span class='ocr_line' id='line_1_34' title="bbox 162 2908 1070 2988; baseline -0.002 -22"><span class='ocrx_word' id='word_1_256' title='bbox 162 2909 257 2967; x_wconf 87' lang='lat' dir='ltr'><strong>auimo</strong></span> <span class='ocrx_word' id='word_1_257' title='bbox 272 2909 419 2981; x_wconf 83' lang='lat' dir='ltr'><strong>maxim03</strong></span> <span class='ocrx_word' id='word_1_258' title='bbox 443 2908 514 2967; x_wconf 89' lang='lat' dir='ltr'><strong>adeo</strong></span> <span class='ocrx_word' id='word_1_259' title='bbox 527 2909 657 2968; x_wconf 88' lang='lat' dir='ltr'><strong>veritatis</strong></span> <span class='ocrx_word' id='word_1_260' title='bbox 677 2909 809 2988; x_wconf 85' lang='lat' dir='ltr'><strong>diligens,</strong></span> <span class='ocrx_word' id='word_1_261' title='bbox 821 2919 861 2988; x_wconf 69' lang='lat' dir='ltr'><strong>ut</strong></span> <span class='ocrx_word' id='word_1_262' title='bbox 868 2928 903 2966; x_wconf 92' lang='lat' dir='ltr'><strong>ne</strong></span> <span class='ocrx_word' id='word_1_263' title='bbox 921 2909 989 2984; x_wconf 86' lang='lat' dir='ltr'><strong>joco</strong></span> <span class='ocrx_word' id='word_1_264' title='bbox 1009 2909 1070 2984; x_wconf 91' lang='lat' dir='ltr'><strong>qui·</strong></span> 
     </span>
     <span class='ocr_line' id='line_1_35' title="bbox 121 2970 1070 3064; baseline 0 -20"><span class='ocrx_word' id='word_1_265' title='bbox 121 2989 141 3044; x_wconf 79' lang='lat'><em>2</em></span> <span class='ocrx_word' id='word_1_266' title='bbox 161 2987 226 3046; x_wconf 88' lang='lat' dir='ltr'><strong>dem</strong></span> <span class='ocrx_word' id='word_1_267' title='bbox 241 2988 422 3047; x_wconf 85' lang='lat' dir='ltr'><strong>mentiretur.</strong></span> <span class='ocrx_word' id='word_1_268' title='bbox 441 2970 545 3046; x_wconf 50' lang='lat' dir='ltr'><strong>f&#39;EEm</strong></span> <span class='ocrx_word' id='word_1_269' title='bbox 565 2990 724 3059; x_wconf 86' lang='lat' dir='ltr'><strong>continens,</strong></span> <span class='ocrx_word' id='word_1_270' title='bbox 740 2990 878 3056; x_wconf 91' lang='lat' dir='ltr'><strong>clemens,</strong></span> <span class='ocrx_word' id='word_1_271' title='bbox 900 2989 1070 3064; x_wconf 89' lang='lat' dir='ltr'><strong>patiensque</strong></span> 
     </span>
     <span class='ocr_line' id='line_1_36' title="bbox 161 3067 1071 3145; baseline -0.002 -21"><span class='ocrx_word' id='word_1_272' title='bbox 161 3067 364 3126; x_wconf 91' lang='lat' dir='ltr'><strong>admirandum</strong></span> <span class='ocrx_word' id='word_1_273' title='bbox 387 3067 417 3124; x_wconf 90' lang='lat' dir='ltr'><strong>in</strong></span> <span class='ocrx_word' id='word_1_274' title='bbox 440 3067 566 3140; x_wconf 90' lang='lat' dir='ltr'><strong>modum,</strong></span> <span class='ocrx_word' id='word_1_275' title='bbox 592 3087 647 3126; x_wconf 90' lang='lat' dir='ltr'><strong>non</strong></span> <span class='ocrx_word' id='word_1_276' title='bbox 670 3068 764 3126; x_wconf 90' lang='lat' dir='ltr'><strong>solum</strong></span> <span class='ocrx_word' id='word_1_277' title='bbox 785 3067 891 3145; x_wconf 92' lang='lat' dir='ltr'><strong>populi,</strong></span> <span class='ocrx_word' id='word_1_278' title='bbox 911 3067 961 3124; x_wconf 92' lang='lat' dir='ltr'><strong>sed</strong></span> <span class='ocrx_word' id='word_1_279' title='bbox 983 3067 1071 3129; x_wconf 69' lang='lat' dir='ltr'><strong>edam</strong></span> 
     </span>
     <span class='ocr_line' id='line_1_37' title="bbox 161 3145 1071 3224; baseline 0 -22"><span class='ocrx_word' id='word_1_280' title='bbox 161 3146 322 3204; x_wconf 86' lang='lat' dir='ltr'><strong>amicorum</strong></span> <span class='ocrx_word' id='word_1_281' title='bbox 345 3145 441 3205; x_wconf 88' lang='lat' dir='ltr'><strong>ferens</strong></span> <span class='ocrx_word' id='word_1_282' title='bbox 462 3147 606 3224; x_wconf 83' lang='lat' dir='ltr'><strong>iujurias3</strong></span> <span class='ocrx_word' id='word_1_283' title='bbox 638 3148 827 3224; x_wconf 89' lang='lat' dir='ltr'><strong>inprimisque</strong></span> <span class='ocrx_word' id='word_1_284' title='bbox 851 3146 1007 3204; x_wconf 88' lang='lat' dir='ltr'><strong>commissa</strong></span> <span class='ocrx_word' id='word_1_285' title='bbox 1024 3164 1071 3202; x_wconf 89' lang='lat' dir='ltr'><strong>ce-</strong></span> 
     </span>
     <span class='ocr_line' id='line_1_38' title="bbox 160 3221 1071 3304; baseline 0.003 -24"><span class='ocrx_word' id='word_1_286' title='bbox 160 3221 242 3280; x_wconf 91' lang='lat' dir='ltr'><strong>lans:</strong></span> <span class='ocrx_word' id='word_1_287' title='bbox 263 3225 339 3298; x_wconf 94' lang='lat' dir='ltr'><strong>quod</strong></span> <span class='ocrx_word' id='word_1_288' title='bbox 360 3225 504 3284; x_wconf 90' lang='lat' dir='ltr'><strong>interdum</strong></span> <span class='ocrx_word' id='word_1_289' title='bbox 522 3246 578 3285; x_wconf 91' lang='lat' dir='ltr'><strong>ncn</strong></span> <span class='ocrx_word' id='word_1_290' title='bbox 594 3227 691 3284; x_wconf 91' lang='lat' dir='ltr'><strong>minus</strong></span> <span class='ocrx_word' id='word_1_291' title='bbox 711 3226 833 3304; x_wconf 87' lang='lat' dir='ltr'><strong>prodest,</strong></span> <span class='ocrx_word' id='word_1_292' title='bbox 855 3245 945 3302; x_wconf 88' lang='lat' dir='ltr'><strong>quam</strong></span> <span class='ocrx_word' id='word_1_293' title='bbox 966 3225 1071 3283; x_wconf 80' lang='lat' dir='ltr'><strong>diserte</strong></span> 
     </span>
     <span class='ocr_line' id='line_1_39' title="bbox 160 3299 1091 3374; baseline 0.006 -17"><span class='ocrx_word' id='word_1_294' title='bbox 160 3299 277 3374; x_wconf 86' lang='lat' dir='ltr'><strong>dicere;</strong></span> <span class='ocrx_word' id='word_1_295' title='bbox 300 3303 444 3361; x_wconf 87' lang='lat' dir='ltr'><strong>studiosus</strong></span> <span class='ocrx_word' id='word_1_296' title='bbox 459 3305 611 3363; x_wconf 89' lang='lat' dir='ltr'><strong>audiendi:</strong></span> <span class='ocrx_word' id='word_1_297' title='bbox 632 3325 669 3364; x_wconf 86' lang='lat' dir='ltr'><strong>ex</strong></span> <span class='ocrx_word' id='word_1_298' title='bbox 683 3307 739 3364; x_wconf 91' lang='lat' dir='ltr'><strong>hoc</strong></span> <span class='ocrx_word' id='word_1_299' title='bbox 752 3306 830 3364; x_wconf 89' lang='lat' dir='ltr'><strong>enim</strong></span> <span class='ocrx_word' id='word_1_300' title='bbox 845 3304 985 3362; x_wconf 86' lang='lat' dir='ltr'><strong>facillime</strong></span> <span class='ocrx_word' id='word_1_301' title='bbox 999 3303 1091 3362; x_wconf 77' lang='lat' dir='ltr'><strong>disci·</strong></span> 
     </span>
     <span class='ocr_line' id='line_1_40' title="bbox 120 3377 1072 3459; baseline 0.003 -22"><span class='ocrx_word' id='word_1_302' title='bbox 120 3383 140 3437; x_wconf 76' lang='lat'><em>8</em></span> <span class='ocrx_word' id='word_1_303' title='bbox 161 3377 366 3438; x_wconf 78' lang='lat' dir='ltr'><strong>arbitrabatur.</strong></span> <span class='ocrx_word' id='word_1_304' title='bbox 419 3381 520 3456; x_wconf 90' lang='lat' dir='ltr'><strong>ltaque</strong></span> <span class='ocrx_word' id='word_1_305' title='bbox 542 3403 634 3459; x_wconf 91' lang='lat' dir='ltr'><strong>quum</strong></span> <span class='ocrx_word' id='word_1_306' title='bbox 658 3386 688 3442; x_wconf 91' lang='lat' dir='ltr'><strong>in</strong></span> <span class='ocrx_word' id='word_1_307' title='bbox 709 3384 855 3442; x_wconf 88' lang='lat' dir='ltr'><strong>circulum</strong></span> <span class='ocrx_word' id='word_1_308' title='bbox 881 3385 1017 3454; x_wconf 86' lang='lat' dir='ltr'><strong>venisset,</strong></span> <span class='ocrx_word' id='word_1_309' title='bbox 1042 3384 1072 3440; x_wconf 92' lang='lat' dir='ltr'><strong>in</strong></span> 
     </span>
     <span class='ocr_line' id='line_1_41' title="bbox 160 3457 1073 3539; baseline 0.003 -22"><span class='ocrx_word' id='word_1_310' title='bbox 160 3477 219 3534; x_wconf 92' lang='lat' dir='ltr'><strong>quo</strong></span> <span class='ocrx_word' id='word_1_311' title='bbox 240 3466 290 3515; x_wconf 89' lang='lat' dir='ltr'><strong>aut</strong></span> <span class='ocrx_word' id='word_1_312' title='bbox 310 3457 346 3515; x_wconf 91' lang='lat' dir='ltr'><strong>de</strong></span> <span class='ocrx_word' id='word_1_313' title='bbox 368 3458 519 3535; x_wconf 86' lang='lat' dir='ltr'><strong>republica</strong></span> <span class='ocrx_word' id='word_1_314' title='bbox 538 3461 742 3539; x_wconf 87' lang='lat' dir='ltr'><strong>disputaretur,</strong></span> <span class='ocrx_word' id='word_1_315' title='bbox 765 3473 817 3520; x_wconf 87' lang='lat' dir='ltr'><strong>aut</strong></span> <span class='ocrx_word' id='word_1_316' title='bbox 837 3463 872 3521; x_wconf 94' lang='lat' dir='ltr'><strong>de</strong></span> <span class='ocrx_word' id='word_1_317' title='bbox 894 3462 1073 3539; x_wconf 90' lang='lat' dir='ltr'><strong>philosophia</strong></span> 
     </span>
     <span class='ocr_line' id='line_1_42' title="bbox 160 3533 1073 3619; baseline 0.003 -23"><span class='ocrx_word' id='word_1_318' title='bbox 160 3556 256 3596; x_wconf 83' lang='lat' dir='ltr'><strong>sermo</strong></span> <span class='ocrx_word' id='word_1_319' title='bbox 276 3533 442 3608; x_wconf 83' lang='lat' dir='ltr'><strong>haberetur,</strong></span> <span class='ocrx_word' id='word_1_320' title='bbox 464 3555 624 3615; x_wconf 91' lang='lat' dir='ltr'><strong>numquam</strong></span> <span class='ocrx_word' id='word_1_321' title='bbox 638 3541 705 3600; x_wconf 91' lang='lat' dir='ltr'><strong>inde</strong></span> <span class='ocrx_word' id='word_1_322' title='bbox 725 3542 806 3617; x_wconf 91' lang='lat' dir='ltr'><strong>prius</strong></span> <span class='ocrx_word' id='word_1_323' title='bbox 825 3542 967 3612; x_wconf 87' lang='lat' dir='ltr'><strong>discessit,</strong></span> <span class='ocrx_word' id='word_1_324' title='bbox 982 3559 1073 3619; x_wconf 83' lang='lat' dir='ltr'><strong>quam</strong></span> 
     </span>
     <span class='ocr_line' id='line_1_43' title="bbox 113 3615 1069 3696; baseline 0.012 -27"><span class='ocrx_word' id='word_1_325' title='bbox 113 3617 136 3669; x_wconf 71' lang='lat' dir='ltr'><em>t</em></span> <span class='ocrx_word' id='word_1_326' title='bbox 152 3615 195 3672; x_wconf 80' lang='lat' dir='ltr'><strong>ad</strong></span> <span class='ocrx_word' id='word_1_327' title='bbox 209 3616 302 3674; x_wconf 84' lang='lat' dir='ltr'><strong>linem</strong></span> <span class='ocrx_word' id='word_1_328' title='bbox 322 3633 420 3674; x_wconf 84' lang='lat' dir='ltr'><strong>sermo</strong></span> <span class='ocrx_word' id='word_1_329' title='bbox 437 3625 513 3674; x_wconf 89' lang='lat' dir='ltr'><strong>esset</strong></span> <span class='ocrx_word' id='word_1_330' title='bbox 531 3616 684 3677; x_wconf 84' lang='lat' dir='ltr'><strong>adductus.</strong></span> <span class='ocrx_word' id='word_1_331' title='bbox 726 3619 930 3696; x_wconf 84' lang='lat' dir='ltr'><strong>Paupertatem</strong></span> <span class='ocrx_word' id='word_1_332' title='bbox 944 3620 1017 3679; x_wconf 87' lang='lat' dir='ltr'><strong>adeo</strong></span> <span class='ocrx_word' id='word_1_333' title='bbox 1031 3618 1069 3679; x_wconf 81' lang='lat' dir='ltr'><strong>l&#39;e·</strong></span> 
     </span>
    </p>
   </div>
   <div class='ocr_carea' id='block_1_5' title="bbox 477 3792 496 3839">
    <p class='ocr_par' dir='ltr' id='par_1_13' title="bbox 477 3792 496 3839">
     <span class='ocr_line' id='line_1_44' title="bbox 477 3792 496 3839; baseline 0 0"><span class='ocrx_word' id='word_1_334' title='bbox 477 3792 496 3839; x_wconf 67' lang='lat' dir='ltr'><strong>b</strong></span> 
     </span>
    </p>
   </div>
   <div class='ocr_carea' id='block_1_6' title="bbox 0 0 1204 4036">
    <p class='ocr_par' dir='ltr' id='par_1_14' title="bbox 0 0 1204 4036">
     <span class='ocr_line' id='line_1_45' title="bbox 0 0 1204 4036; baseline 0 0"><span class='ocrx_word' id='word_1_335' title='bbox 0 0 1204 4036; x_wconf 95' lang='lat' dir='ltr'><strong> </strong></span> 
     </span>
    </p>
   </div>
  </div>
 </body>
</html>
