2378 4036
320 284 444 350 XXIII.
487 293 516 362 5,
534 294 563 351 6.
608 284 817 369 (Hannibal.)
980 299 1019 357 91

114 436 192 496 Hine
206 439 237 496 in
252 438 393 516 Apuliam
408 441 549 517 pervenit.
584 439 628 498 lbi
641 440 756 498 obviem
769 441 798 499 ei
811 453 953 500 venerunt
966 441 1024 502 duo
1043 447 1061 504 l

113 515 263 588 Consules,
278 517 312 576 Ο.
329 517 486 577 Terentius
499 529 529 576 et
549 517 587 576 L.
603 519 752 578 AEmilius.
795 519 954 598 Utriusque
972 540 1021 579 ex·

42 658 46 663 ,
85 598 222 674 „arcitus
235 615 294 655 uno
307 598 411 674 proelio
427 597 558 675 fugavit;
582 597 719 656 Paullum
735 599 884 657 consulem
904 600 1022 672 occidit,

42 691 52 706 ¹
111 677 146 732 et'
163 675 274 752 aliquot
298 686 439 752 praeterea
459 677 637 746 consuleres,
659 678 690 735 in
714 678 760 735 his
783 677 838 736 Cu.
861 678 1020 737 Servilium

112 753 279 825 Geminum,
294 756 345 830 qui
360 774 435 813 auno
448 757 597 832 superiore
612 755 707 814 suerat
720 757 832 815 consul.

150 832 189 890 V.
212 833 280 892 Hac
305 852 404 912 pugna
428 845 556 911 pugnata
578 833 700 894 Romam
714 835 860 911 profectus
874 836 1019 906 est,nullo
1041 843 1055 896 1

111 913 271 970 resistente.
313 912 347 971 In
372 914 538 989 propinquis
558 913 640 971 urbis
664 915 808 972 montibus
821 925 949 973 moratus
962 927 1016 974 est.

110 989 211 1054 Quum
225 991 334 1068 aliquot
354 993 394 1049 ibi
414 992 476 1050 dies
490 1001 587 1050 castra
601 992 757 1063 habuisset,
772 1003 801 1051 et
825 1005 1019 1053 reverteretur

110 1068 260 1146 Capuam3
286 1070 325 1136 Q.
340 1070 451 1128 Fabius
477 1069 633 1140 Maximus,
659 1070 781 1130 dictator
806 1071 964 1141 Romanus,
987 1075 1018 1130 in

109 1166 179 1224 agro
193 1147 321 1208 Falerno
334 1169 366 1208 se
380 1151 408 1208 ei
431 1150 547 1226 objecit.
588 1148 648 1208 Hic
668 1150 788 1208 clausus
812 1152 942 1208 locorum
967 1158 1056 1210 ami

108 1228 211 1302 gustiis
225 1238 314 1285 noctu
334 1230 397 1286 sine
412 1228 473 1285 ullo
494 1228 665 1286 detrimento
678 1231 824 1288 exercitus
845 1250 876 1288 se
901 1231 1015 1307 expedi·

108 1306 169 1379 vit3
193 1305 293 1376 Fabio,
310 1307 497 1365 callidissimo
510 1308 685 1383 imperatori,
701 1309 790 1366 verba
804 1308 889 1367 dedit.
926 1308 1015 1367 Nam-

108 1402 165 1458 que
189 1385 316 1443 obducta
339 1396 423 1444 nocte
447 1397 594 1443 sarmenta
614 1387 643 1443 in
665 1388 802 1445 cornibus
821 1380 1015 1464 juvencorum

106 1461 233 1540 deligata
247 1465 383 1535 incendit,
395 1465 517 1541 ejusque
531 1465 647 1542 generis
657 1465 870 1524 multitudinem
880 1486 1016 1544 maguam

106 1539 279 1618 dispalatam
293 1543 422 1602 immisit.
458 1544 526 1609 Quo
540 1545 686 1620 repentino
700 1545 815 1621 objectu
829 1546 891 1602 viso
904 1555 1021 1626 Q

106 1629 247 1678 terrorem
269 1622 368 1698 injecit
386 1623 528 1681 exercitui
544 1621 750 1694 Romanorum,
766 1633 798 1681 ut
818 1624 917 1700 egredi
931 1633 1014 1683 extra
1040 1654 1134 1677 »-

106 1699 218 1756 vallum
232 1719 318 1758 nemo
332 1702 368 1759 sit
383 1720 481 1760 ausus.
524 1700 611 1758 Hanc
626 1710 687 1776 post
701 1692 889 1780 rem‘g'estam
903 1721 961 1758 non
975 1704 1014 1760 ita
1035 1708 1053 1761 3

105 1778 205 1836 multis
229 1765 588 1838 diebusllfhlinuoium
612 1778 920 1857 Rufum-magistrum
934 1781 1014 1856 equi·

104 1866 176 1927 tum,
201 1859 264 1934 pari
292 1877 328 1916 ac
356 1859 526 1917 dictatorem
547 1859 678 1934 imperio,
699 1858 763 1915 dolo
787 1858 959 1934 productum
984 1859 1013 1915 in

105 1935 250 2012 proelium,
266 1936 387 2015 fugavit.
430 1938 479 1996 Ti.
495 1938 698 2014 Sempronium
713 1936 892 2006 Gracchum,
908 1936 1013 1994 iterum

104 2015 264 2086 consulem,
279 2017 310 2072 in
323 2015 455 2075 Lucanis
475 2017 580 2074 absens
600 2016 630 2073 in
651 2015 771 2074 iusidias
784 2014 936 2073 inductum
951 2034 1013 2073 sus·

104 2093 180 2151 tulit.
223 2093 266 2152 M.
281 2094 437 2153 Claudium
463 2095 648 2166 Marcellum,
674 2095 828 2172 quinquies
852 2094 1012 2165 consulem,

105 2172 180 2250 apud
205 2173 368 2231 Venusiam
393 2175 456 2251 pari
481 2174 564 2232 modo
585 2173 740 2232 interfecit.
797 2173 933 2252 Longum
958 2178 1051 2253 qst,4

104 2269 277 2310 enumerare
291 2253 405 2330 proelia.
448 2253 549 2319 Quare
563 2253 617 2312 hoo
632 2272 724 2311 unum
738 2253 807 2310 satis
820 2255 875 2312 erit
891 2253 1010 2323 dictum,

104 2348 139 2387 ex
154 2349 211 2406 quo
224 2331 348 2409 intelligi
369 2333 465 2408 possit,
480 2340 609 2409 quantus
629 2331 679 2390 ille
700 2332 805 2390 suerit:
827 2332 967 2408 quamdiu
980 2333 1011 2390 in

104 2407 187 2466 ltalia
202 2409 265 2480 fuit,
281 2428 366 2467 nemo
379 2412 408 2468 ei
429 2412 460 2468 in
475 2411 540 2469 acie
554 2411 665 2480 restitit,
681 2429 766 2469 nemo
790 2411 930 2470 adversus
943 2430 1011 2468 eum
1026 2411 1032 2416 ’

104 2497 164 2563 post
177 2487 360 2546 Cannensem
373 2508 502 2567 pugnam
516 2490 546 2546 in
560 2507 663 2566 campo
676 2500 772 2548 castra
786 2491 889 2566 posuit.

142 2565 196 2624 VI.
219 2566 279 2624 Hic
291 2568 418 2626 invictus
432 2569 555 2645 petriam
568 2567 719 2626 defensum
734 2579 886 2627 revocatus
900 2568 1010 2627 bellum
1032 2573 1047 2626 l

102 2645 192 2722 gessit
214 2645 354 2704 adversus
376 2645 408 2703 P.
427 2647 600 2724 Scipionem,
624 2647 717 2705 filium
740 2648 813 2724 ejus,
839 2667 926 2724 quem
948 2649 1009 2726 ipse

103 2723 227 2798 primum
251 2724 329 2800 apud
351 2719 535 2796 Rhfflatrum,
550 2726 656 2783 iterum
681 2726 758 2803 apud
782 2726 902 2796 Padum,
925 2727 1009 2784 tertio

103 2802 179 2879 apud
201 2802 341 2861 Trebiam
365 2803 528 2883 fugaverat.
583 2804 659 2862 Cum
682 2805 745 2876 hoc,
773 2805 922 2863 exhaustis
943 2805 1007 2880 jam
1029 2809 1048 2861 2

102 2881 201 2955 patriae
229 2880 425 2954 facultatibus,
453 2884 565 2960 cupivit
591 2884 622 2940 in
650 2885 870 2961 presentiarum
898 2882 1007 2940 bellum

102 2977 281 3036 componere,
303 2980 362 3039 quo
389 2963 530 3021 valentior
556 2971 655 3040 postea
682 2961 918 3039 congrederetur.
973 2958 1007 3018 In

102 3037 278 3115 colloquium
292 3042 435 3111 convenit,
450 3041 626 3100 conditiones
640 3059 697 3098 non
711 3047 918 3117 convenerunt.
941 3038 1007 3096 Post
1028 3043 1046 3097 3

101 3115 129 3173 id
144 3116 254 3176 facturn
277 3119 380 3195 paucis
394 3119 495 3178 diebus
509 3119 586 3198 apud
608 3119 728 3177 Zamam
743 3136 811 3176 cum
826 3116 926 3174 eodem
940 3135 1005 3176 cou-

101 3195 191 3254 flixit:
232 3196 316 3256 ulsus
338 3197 522 3278 (incredibile
536 3197 631 3276 dictu)
654 3197 740 3254 biduo
754 3205 783 3254 et
804 3195 919 3255 duabus
939 3215 1005 3257 noc-

100 3274 176 3333 tibus
222 3275 405 3335 adrumetum
419 3278 558 3354 pervenit,
572 3275 650 3354 quod
664 3276 744 3334 abest
758 3275 877 3334 aZama
891 3277 1007 3336 circiter

101 3353 192 3411 millia
216 3373 356 3432 passuum
377 3365 517 3426 trecenta.
557 3355 592 3415 In
614 3356 670 3413 hac
693 3353 764 3432 fuga
785 3355 934 3428 Numidae‚
955 3358 1043 3432 quit

99 3431 185 3489 simul
208 3451 278 3491 cum
300 3453 336 3492 eo
357 3452 393 3492 ex
416 3434 480 3492 acie
501 3443 695 3504 excesserant,
718 3434 843 3492 insidiati
865 3446 932 3494 sunt
958 3435 1005 3492 ei:

119 3527 171 3568 uos
184 3529 242 3571 non
255 3511 350 3570 solum
364 3511 474 3590 effugit,
489 3512 540 3570 sed
554 3514 642 3570 etiam
666 3513 742 3589 ipsos
755 3514 904 3590 oppressit.
946 3511 1007 3569 Ha·
1077 3528 1078 3532 ’

99 3528 224 3649 drumart
237 3589 365 3669 reliquos
378 3609 415 3648 ex
430 3589 501 3667 iuga
513 3590 646 3668 collegit:
667 3591 750 3650 novis
762 3591 923 3650 delentibus
935 3605 1006 3667 peu·

98 3665 144 3726 cis
155 3665 259 3728 diebus
270 3669 379 3729 multos
391 3669 543 3728 contraxit.
