2378 4036
359 244 451 311 xxi.
496 255 523 312 1.
570 246 633 332 (ne
646 245 810 330 nemun.)
993 258 1038 316 aa

129 400 209 467 enirn
221 399 351 476 speeiem
372 399 513 458 libertatis
526 420 599 471 esse,
614 401 639 459 si
662 401 805 470 omnibus,
819 401 893 476 quod
914 403 1037 480 quisque

129 478 227 549 vellet,
252 478 368 555 legibus
391 479 517 555 experiri
539 479 651 537 liceret.
692 477 782 549 Idem,
807 499 898 555 quum
918 481 1074 556 quidamtl

128 555 271 630 Lamestii
296 557 408 627 similis,
422 559 538 616 nomine
561 556 757 627 Demoenetns,
772 559 802 615 in
824 560 962 618 concione
987 578 1035 636 po-
1068 603 1072 612 .

128 635 190 712 puli
214 635 250 693 de
272 635 360 692 rebus
382 637 472 712 gestis
491 636 556 712 ejus
577 636 727 694 detrahere
748 637 891 713 coepiaset,
907 657 943 695 ac
965 657 1034 696 non·

127 715 211 773 nulle
223 713 413 772 inveheretur
432 715 463 771 in
478 714 668 784 Timoleonta,
683 715 764 784 dixit,
778 733 857 774 nunc
872 717 988 775 demum
1002 736 1034 775 se

127 794 186 851 voti
199 811 264 851 esse
277 791 457 850 damnatum.
498 793 636 870 Namque
657 794 711 851 hoc
725 813 743 851 a
757 794 812 851 diis
825 795 1034 853 immortalibus

127 890 241 948 semper
255 879 416 946 precatum,
432 882 463 929 ut
477 871 565 929 talem
578 872 740 930 libertatem
760 874 923 931 restitueret
945 874 1033 950 Syra·

127 951 256 1019 eusanis,
270 938 607 1032 inquaeuivis‘licer'et,
622 950 658 1008 de
678 969 735 1026 quo
749 951 845 1021 vellet,
860 953 978 1029 impune
992 953 1032 1010 di-
1095 962 1150 1045 -p-

126 1045 204 1086 oere.
246 1027 307 1085 Hic
330 1046 422 1103 quum
443 1023 712 1106 diemTu‘premum
736 1029 860 1099 obiisset,
876 1031 990 1105 publice
1014 1051 1032 1089 a
1053 1035 1072 1088 t

126 1104 324 1182 Syracusanis
344 1108 374 1164 in
387 1109 550 1185 gymnasio,
565 1107 641 1184 quod
662 1107 893 1166 Timoleonteum
907 1109 1032 1185 appella-
1142 1130 1150 1143 ·

126 1194 183 1255 tur,
197 1195 257 1244 tota
270 1185 436 1244 celebrante
450 1186 561 1257 Sicilie,
576 1187 707 1262 sepultus
720 1199 773 1245 est.

421 1418 753 1429 ——————-

258 1588 401 1662 XXI.
453 1587 535 1690 DE
573 1588 895 1665 REGIBUS.

162 1887 186 1962 I.
209 1887 251 1945 Hi
265 1886 326 1944 sere
341 1885 460 1944 fuerunt
474 1885 598 1944 Graeciae
610 1885 705 1962 gentis
719 1885 816 1956 duces,
826 1887 877 1962 qui
892 1890 1029 1947 memoria
1051 1896 1066 1949 1

125 1965 203 2044 digni
217 1965 399 2035 videbantur,
414 1975 519 2042 praeter
540 1984 633 2041 reges.
675 1963 812 2040 Namque
826 1985 876 2022 eos
890 1967 1029 2043 attingere

125 2045 279 2114 noluimus,
291 2043 366 2119 qnod
380 2045 508 2102 omnium
524 2062 570 2101 res
580 2054 669 2120 gestae
680 2044 833 2119 separatim
844 2045 1027 2104 euntrelatoe.

125 2122 229 2199 Neque
243 2132 340 2180 tamen
362 2123 391 2179 hi
405 2122 559 2180 admodum
572 2132 640 2180 sunt
654 2122 748 2180 multi.
789 2121 1029 2184 Lacedoemonius
1049 2132 1068 2183 2

126 2212 221 2258 eutem
235 2201 395 2277 Agesilaus
409 2202 533 2271 nomine,
547 2219 604 2258 non
625 2210 769 2277 potestate,
785 2201 839 2260 fuit
860 2220 930 2275 rex3
952 2203 1027 2262 sicut

124 2281 214 2337 ceteri
237 2278 383 2356 Spartani.
426 2279 473 2336 Ex
488 2279 533 2337 his
548 2297 625 2349 vero,
640 2280 691 2355 qui
710 2280 886 2339 dominatum
907 2282 1028 2360 imperio

124 2367 287 2428 tenuerunt,
315 2357 550 2415 excellentissimi
575 2357 701 2429 fuerunt,
724 2368 755 2416 ut
779 2377 831 2416 nos
850 2359 1027 2436 judicamus,

124 2436 277 2494 Persarum
301 2435 399 2511 Cyrus
419 2445 449 2494 et
466 2435 585 2505 Darius,
610 2435 765 2513 Hystaspis
787 2437 882 2495 filius:
903 2457 1027 2514 quorum

124 2524 246 2591 uterque
265 2515 396 2573 erivatus
419 2515 524 2573 virtute
549 2533 672 2592 regnum
696 2525 740 2573 est
762 2515 891 2591 adeptus.
946 2517 1027 2576 Prior

123 2593 226 2651 horum
240 2592 317 2669 epud
340 2592 521 2670 Massagetes
542 2595 572 2650 iu
595 2595 697 2669 proelio
714 2593 819 2652 cecidit
828 2613 837 2666 3
861 2592 970 2655 Darius
983 2617 1026 2654 se·

122 2681 240 2731 nectute
267 2671 344 2730 diem
371 2673 441 2729 obiit
467 2690 646 2749 supremum.
700 2672 776 2730 Tres
796 2683 865 2742 sunt
888 2679 1066 2750 praetereeb

123 2750 254 2826 ejusdem
267 2752 392 2826 generis,
407 2750 529 2820 Xerxes,
543 2760 572 2808 et
585 2750 642 2809 duo
656 2751 845 2821 Artaxerxes,
861 2750 1027 2810 Macrochir

123 2837 151 2886 et
165 2827 312 2886 Mnemon.
355 2829 447 2887 Xerxi
460 2829 587 2887 maxime
600 2840 643 2888 est
656 2829 778 2899 illustre,
796 2828 871 2907 quod
893 2830 1027 2887 maximis

123 2916 184 2982 post
197 2907 345 2965 hominum
359 2907 528 2966 memoriam
542 2909 716 2965 exercitibus
729 2918 806 2965 terra
820 2908 952 2982 merique
967 2907 1025 2964 bel·

122 2985 184 3042 lum
204 2985 302 3044 intulit
322 2985 455 3044 Graeciae.
497 2986 540 3044 At
563 2985 728 3044 Macrochir
741 2985 917 3061 praecipuem
940 2985 1026 3042 hebet
1046 2991 1063 3046 t

122 3062 239 3121 laudem
260 3063 445 3140 amplissimae
472 3063 733 3142 pulcherrimaeque
761 3062 889 3138 corporis
911 3061 1024 3121 formae:

122 3159 210 3217 quarn
231 3142 394 3200 incredibili
416 3143 530 3200 amavit
557 3143 664 3201 virtute
693 3141 770 3199 belli.
813 3139 949 3217 Namque
976 3141 1026 3201 illo

122 3219 225 3279 Perses
238 3239 324 3278 nemo
338 3219 392 3279 tuit
406 3239 495 3279 menn
510 3219 619 3280 sortior.
647 3219 784 3278 Mnemon
798 3228 896 3276 autem
906 3220 1026 3298 justitie

123 3296 200 3357 fama
212 3299 319 3357 floruit.
360 3298 440 3358 Nem
457 3317 548 3375 quum
562 3300 663 3359 matris
684 3317 746 3357 suae
759 3296 871 3356 scelere
884 3301 1027 3358 amisisset

121 3395 251 3447 uxorem,
266 3386 379 3458 Q
392 3376 512 3436 indulsit
525 3377 625 3449 dolori,
639 3387 764 3460 ¹qteum
780 3377 872 3453 pietas
885 3379 1024 3437 vinceret.
1063 3388 1105 3464 *l*

121 3453 168 3513 Ex
182 3455 229 3514 his
242 3455 299 3513 duo
312 3455 413 3512 eedem
426 3457 541 3514 nomine
554 3458 653 3515 morbo
666 3466 778 3514 naturae
792 3455 918 3514 debitum
925 3440 1024 3514 ffidi.
1045 3459 1064 3513 b

120 3531 242 3593 derunt:
263 3534 366 3592 tertius
378 3534 414 3592 ab
433 3534 584 3592 Artabano
608 3533 743 3611 proefecto
766 3533 842 3591 ferro
855 3535 1025 3591 interemtus

120 3619 174 3670 est.

589 3683 609 3736 8
