2378 4036
396 203 452 270 VI.
488 214 516 270 l.
561 208 760 292 (Lysander.)
995 219 1037 278 η

126 371 199 429 prce
213 352 265 411 din
286 353 532 412 desideraverunt.
574 355 642 413 Fuit
661 355 740 413 enim
752 365 831 413 tanta
849 357 1031 430 liberalitate,

126 451 211 507 quum
236 433 431 508 compluribus
454 433 528 490 locis
547 434 654 509 predia
675 433 830 508 hortosque
850 435 979 507 haberet,
1000 449 1031 497 nt

125 530 278 585 numquam
291 511 322 568 in
345 512 389 568 eis
411 511 560 569 custodem
580 512 750 587 imposuerit
765 512 872 571 fructus
894 517 1029 575 servandi

119 591 225 665 ⁴arentia,
239 609 278 647 ne
293 590 357 664 quis
379 590 573 666 impediretur,
588 609 645 665 quo
665 592 760 648 minus
775 593 837 667 ejus
858 594 954 664 sebna,
968 595 1028 669 qui·

125 669 176 726 bus
196 669 319 743 quisque
333 670 431 738 vellet,
452 669 601 727 frueretur.
644 670 767 745 Semper
789 689 855 727 eum
877 672 1028 748 pedisequi
1047 678 1065 732 2

124 766 189 804 cum
202 748 327 804 nummis
342 757 408 804 sunt
424 748 527 818 secuti,
540 760 579 818 nt,
594 748 698 822 siquis
715 749 779 823 opis
799 750 862 824 ejus
876 749 1026 826 indigeret,

122 823 333 900 liaberet,quod
341 827 436 883 statim
447 827 537 896 daret,
543 847 580 884 ne
590 827 750 884 differendo
756 827 900 885 videretur
909 848 1026 905 negare.

123 905 220 980 Saepe,
245 924 332 979 quum
356 905 480 979 aliquem
504 906 647 962 offensum
671 905 782 962 fortuna
803 906 914 963 videret
932 909 1026 966 minus

123 984 195 1041 bene
207 984 353 1053 vestitum,
364 1003 446 1041 suum
461 985 614 1041 amiculum
628 984 716 1042 dedit.
739 984 875 1052 Quotidie
890 985 933 1042 sic
945 1006 1027 1045 coena
1047 991 1064 1046 5

122 1061 149 1119 ei
164 1057 352 1137 coquebatur,
362 1073 402 1132 ut,
413 1081 484 1137 quos
499 1063 648 1120 invocatos
662 1063 787 1120 vidisset
799 1063 829 1119 in
843 1064 914 1132 soro,
925 1082 1025 1122 ornnes

122 1141 294 1198 devocaret:
330 1141 406 1216 quod
426 1141 525 1199 facere
548 1143 657 1199 nullum
682 1141 760 1198 diem
785 1142 1024 1216 praetermittebat.

122 1219 203 1277 Nulli
217 1219 293 1277 fides
308 1221 381 1296 ejus,
394 1220 467 1278 nulli
487 1239 586 1296 opera,
599 1221 671 1278 nulli
690 1239 739 1277 res
753 1219 902 1277 familiaris
917 1220 1025 1292 deluit3

121 1299 223 1356 mrrltos
245 1299 449 1374 locupletavit3
472 1299 635 1374 complures
655 1317 798 1375 pauperes
818 1310 954 1368 mortuos,
967 1301 1025 1374 qui,

121 1377 194 1435 unde
220 1376 399 1447 efferrentur,
422 1396 481 1435 non
508 1376 702 1453 reliquissent,
724 1396 777 1434 ruo
798 1387 893 1434 sumtu
914 1378 1024 1437 extulit.

124 1455 171 1513 Sic
183 1475 216 1513 se
231 1455 361 1532 gerendo
374 1456 492 1526 minime
508 1466 553 1514 est
565 1456 735 1526 mirandum,
746 1455 773 1513 si
787 1466 816 1514 et
828 1456 888 1513 vita
898 1456 962 1534 ejus
972 1455 1026 1515 fuit
1044 1461 1063 1517 4

122 1535 233 1605 secum,
249 1544 280 1592 et
292 1552 370 1592 mors
384 1535 499 1593 acerba.
838 1549 842 1554 ’

260 1960 388 2082 ‘Vl
444 1958 838 2036 LYSANDER.

493 2163 660 2173 ——a

372 2260 376 2264 ’
411 2287 723 2346 auennensem

122 2377 217 2482 aff.
227 2421 256 2480 Ι.
266 2422 441 2479 Athenarum
449 2421 551 2485 vietar;
566 2418 730 2476 decemviros
742 2419 855 2476 Gracia
864 2419 1025 2478 civitatibus

156 2503 282 2580 imlranit.
316 2498 361 2556 ΙΙ.
386 2497 516 2555 Crudelis
530 2499 560 2554 in
575 2496 704 2554 Thasios.
740 2496 803 2554 III.
825 2497 920 2574 Reges
931 2498 1023 2556 tallere

156 2592 183 2638 et
195 2579 340 2639 oraculum
353 2595 522 2653 corrumpere
536 2587 651 2632 conatur
658 2598 669 2644 ,¹
690 2587 838 2634 accusatas
851 2577 1022 2635 absolvitur:
1090 2626 1093 2629 .

156 2660 318 2717 acciditara
329 2656 477 2714 Thebanis.
500 2655 526 2725 ,Ι
528 2655 562 2711 V.
577 2654 722 2732 Lysander
729 2653 915 2712 Pharnabazi
915 2654 1023 2733 frande

156 2758 185 2796 se
197 2740 259 2816 ipse
272 2746 396 2793 accusat.

156 2867 180 2926 1.
213 2865 377 2943 Lysander,
402 2863 650 2934 Lacedaemonius,
677 2883 811 2939 magnam
837 2861 952 2936 reliquit
976 2860 1021 2918 sui
1044 2866 1056 2920 l

123 2943 230 3014 lamam,
252 2943 346 3020 magis
370 2942 519 3013 felicitate,
541 2961 626 3018 quam
646 2943 750 2999 virtute
772 2951 891 3017 partam.
933 2939 1022 2997 Athe-

122 3023 237 3082 nienses
254 3023 333 3080 enim
346 3022 376 3079 in
397 3021 627 3097 Peloponnesios
649 3030 732 3076 sexto
746 3029 776 3076 et
788 3018 928 3075 vicesimo
946 3037 1020 3076 anno

122 3101 224 3173 bellum
253 3111 389 3177 gerentes
411 3099 575 3157 confecisse
596 3107 723 3174 apparet.
774 3097 809 3154 Id
833 3115 887 3171 qua
912 3098 1021 3156 ratione

123 3191 293 3239 consecutus
309 3179 356 3250 sit,
370 3181 449 3236 latet.
491 3179 559 3236 Non
578 3179 657 3235 enim
677 3176 779 3232 virtute
801 3174 847 3232 sui
866 3178 1021 3247 exercitus,
1041 3183 1059 3236 2

122 3260 170 3318 sed
197 3258 382 3322 immodestia
405 3257 580 3314 factumest
603 3254 839 3325 adversariorum,
867 3255 925 3329 qui,
947 3256 1023 3330 quod

122 3335 195 3396 dicto
211 3336 363 3408 audientes
384 3336 601 3411 imperatoribus
623 3334 685 3392 suis
705 3351 764 3391 non
785 3346 874 3404 erant,
889 3334 1023 3409 dispalati

120 3415 251 3493 inagris,
265 3415 376 3472 relictis
397 3411 529 3484 navibus,
550 3415 580 3471 in
600 3413 725 3470 hostiurn
739 3423 879 3470 venemut
898 3422 1023 3485 potesta·

120 3503 186 3554 tem.
228 3495 296 3562 Quo
309 3493 385 3551 sacto
400 3493 597 3550 Athenienses
611 3511 644 3549 se
660 3489 889 3549 Lacedaemoniis
904 3487 1022 3545 dedide-

120 3585 192 3632 rant.
223 3572 290 3631 Hac
301 3571 422 3630 victoria
437 3571 588 3645 Lysander
602 3571 705 3639 elatus,
715 3586 801 3644 quum
812 3576 897 3624 antea
907 3581 1024 3642 semper
1043 3568 1062 3624 l
