2378 4036
263 304 265 308 ,
350 253 452 318 XVII.
499 263 528 330 3,
543 262 572 318 4.
621 253 827 336 (Agesalons.)
998 261 1040 320 69

134 426 166 466 su
197 426 246 465 ma
260 407 317 465 fide
332 410 437 466 mansit
458 409 635 486 Agesilaus;
659 418 760 465 contra
774 426 810 464 ea
831 406 1043 483 Tissaphernes

134 487 180 544 nih
218 486 307 557 aliud,
323 506 411 564 quam
428 487 536 545 bellum
551 487 739 563 comparavit.
781 485 813 544 ld
834 487 887 543 etsi
901 485 1080 544 sentiebatd

133 563 221 636 Laco,
236 575 334 624 tamen
354 566 560 642 jusjurandum
585 565 727 635 servabat,
750 565 931 640 multumque
954 565 985 621 in
1007 583 1042 622 eo

132 664 161 702 se
175 645 315 721 consequi
335 645 458 715 dicebat,
473 645 548 721 quod
571 644 782 720 Tissaphernes
805 643 933 719 perjurio
946 662 999 700 suo
1012 652 1042 701 at

133 724 261 781 homines
274 724 336 781 suis
350 725 437 782 rebus
451 725 638 792 abalienaret,
660 733 688 780 et
712 722 780 780 deos
793 723 847 778 sibi
868 722 955 779 iratos
977 722 1040 780 red-

131 801 229 875 deret3
252 821 284 859 se
298 813 395 860 autem
410 813 581 861 conservata
605 802 744 878 religione
765 801 937 858 confirmare
958 818 1040 858 exer-

131 882 229 951 citum,
245 899 337 958 quum
352 881 602 951 animadverteret,
622 880 741 938 deorum
761 897 870 937 numen
885 878 982 937 facero
996 898 1039 936 se-

130 978 207 1029 eum,
235 960 422 1037 hominesque
450 960 504 1018 sibi
532 960 683 1018 conciliari
711 959 872 1035 amiciores,
893 957 969 1034 quod
995 958 1039 1016 his

130 1038 246 1096 studere
260 1049 456 1109 consuessent,
472 1058 544 1115 quos
558 1055 730 1097 conservare
745 1035 831 1094 fidem
846 1036 986 1094 viderent.

168 1116 221 1176 Ill.
244 1117 400 1194 Postquam
424 1117 609 1175 induciarum
632 1117 770 1192 praeteriit
794 1115 864 1184 dies,
889 1115 1038 1184 barbarus,
1062 1120 1092 1173 l·

130 1214 186 1252 non
210 1196 353 1266 dubitans,
369 1196 444 1272 quod
474 1197 565 1274 ipsius
586 1206 668 1253 erant
692 1195 817 1271 plurima
842 1194 988 1251 domicilia
1008 1193 1037 1250 in

129 1273 225 1344 Caria,
241 1284 270 1332 et
283 1294 319 1332 ea
334 1277 414 1353 regio
429 1276 474 1333 his
488 1275 664 1352 temporibus
678 1273 769 1331 multo
790 1273 945 1349 putabatur
959 1272 1038 1330 locu·
1060 1299 1064 1308 ·

129 1352 299 1430 pletissima,
314 1373 350 1412 eo
364 1355 542 1430 potissimum
564 1354 660 1411 hostes
673 1353 811 1429 impetum
828 1350 964 1421 facturos
979 1370 1037 1409 om-

128 1450 180 1490 nes
193 1451 264 1490 suas
278 1433 375 1509 copias
389 1453 423 1490 eo
437 1442 630 1490 contraxerat.
674 1432 714 1489 At
728 1430 887 1508 Agesilaus
900 1432 931 1488 in
945 1430 1037 1507 Phry·
1058 1436 1077 1490 2

148 1511 207 1568 iarn
222 1513 418 1581 se'oonvertit,
434 1531 557 1587 eamque
578 1512 659 1588 prius
679 1510 869 1587 depopulatus
882 1520 934 1579 est,
949 1529 1037 1587 quam

128 1529 340 1667 l’issaphernes
354 1609 477 1667 usquam
492 1600 676 1649 semoveret.
720 1589 829 1666 Magna
849 1588 947 1665 praeda
961 1589 1034 1647 mili-

127 1669 204 1726 tibus
228 1669 419 1745 locupletatis,
449 1669 599 1747 Ephesum
624 1670 782 1726 hiematum
807 1669 968 1725 exercitum
993 1686 1036 1726 re-

127 1746 218 1818 duxit,
234 1757 320 1824 atque
341 1748 380 1805 ibi
400 1748 524 1806 officinis
538 1766 685 1806 armorum
706 1746 850 1815 institutis,
866 1765 972 1822 magna
995 1747 1036 1803 in·

126 1825 238 1884 dustria
252 1827 361 1884 bellum
376 1828 536 1904 apparavit.
560 1827 599 1885 Et
612 1845 670 1903 quo
684 1824 839 1883 studiosius
853 1834 1037 1883 armarentur

126 1905 327 1982 insigniusque
349 1917 530 1977 ornarentur,
553 1906 672 1983 praemia
695 1903 848 1982 proposuit,
864 1902 969 1978 quibus
989 1903 1036 1962 do·

126 1992 275 2054 narentur,
296 1985 421 2061 quorum
448 1986 568 2063 egregia
592 1985 622 2041 in
643 2003 679 2042 ea
703 2003 735 2041 re
758 1981 860 2040 fuisset
883 1981 1034 2040 industria.

126 2061 210 2121 Fecit
223 2062 301 2120 idem
320 2063 351 2120 in
365 2065 605 2122 exercitationum
619 2063 784 2141 generibus,
801 2071 840 2132 ut,
856 2062 907 2138 qui
929 2062 1035 2120 ceteris
1056 2067 1075 2121 3

125 2143 332 2217 praestitissent‚
346 2161 396 2200 eos
410 2143 523 2221 magnis
537 2142 667 2200 afficeret
688 2142 866 2200 muneribus.
908 2140 964 2199 His
983 2142 1034 2219 igi·

125 2229 173 2278 tur
187 2221 275 2278 rebus
288 2220 393 2291 effecit,
409 2231 440 2280 ut
455 2231 484 2280 et
497 2222 711 2280 ornatissimum
721 2233 749 2279 et
763 2221 1035 2279 exercitatissimum

124 2299 244 2358 haberet
269 2301 441 2358 exercitum.
484 2299 565 2359 Huic
586 2319 678 2378 quum
702 2310 815 2376 tempus
828 2306 905 2358 esset
929 2301 1033 2370 visum,
1055 2305 1074 2358 4

125 2379 223 2456 copias
237 2379 390 2437 extrahere
404 2399 441 2437 ex
455 2379 661 2450 hibernaculis,
676 2379 756 2449 vidit,
771 2380 805 2449 si,
820 2399 878 2456 quo
892 2375 967 2437 esset
980 2380 1035 2437 iter

124 2454 268 2528 facturus,
293 2457 390 2534 palam
417 2458 638 2537 pronuntiasset,
664 2459 759 2516 hostes
783 2477 840 2515 non
864 2457 1033 2528 credituros,

124 2535 256 2613 aliasque
270 2537 404 2614 regiones
418 2537 559 2614 praesidiis
567 2547 768 2613 occupaturos,
781 2556 836 2594 neo
845 2537 1033 2608 dubitaturos,

124 2614 206 2672 aliud
234 2633 297 2673 esse
319 2613 476 2686 facturum,
492 2635 528 2674 ac
552 2617 774 2693 pronuntiasset.
816 2615 918 2692 Itaque
941 2619 1073 2693 quumb

123 2693 174 2751 ille
198 2691 317 2752 Sardois
331 2694 443 2752 iturum
457 2714 489 2753 se
514 2695 642 2764 dixisset,
667 2694 879 2772 Tissaphernes
903 2695 1034 2753 eamdem

122 2770 242 2831 Cariam
255 2771 464 2831 defendendam
478 2774 599 2850 putavit.
634 2773 668 2832 ln
682 2792 739 2852 quo
752 2793 843 2851 quum
857 2793 925 2832 eum
939 2774 1034 2850 opinio

123 2848 282 2921 fefellisset,
297 2852 465 2928 victumque
476 2872 508 2910 se
520 2852 636 2912 vidisset
646 2853 785 2926 eonsilio;
808 2871 873 2910 sero
886 2852 948 2909 suis
961 2869 1033 2927 prae-

122 2928 196 2987 sidio
208 2929 355 3006 profectus
370 2941 423 2989 est.
465 2931 495 2990 N
497 2951 545 2990 arn
558 2951 650 3009 quum
667 2932 717 2990 illo
731 2932 865 2999 venisset,
877 2930 939 3004 jam
954 2931 1032 3007 Age·

122 3007 224 3079 silaus,
239 3009 342 3077 multis
352 3010 425 3068 locis
438 3012 620 3088 expugnatis,
635 3029 742 3088 magna
752 3020 818 3068 erat
843 3008 939 3085 praeda
963 3009 1032 3084 poti-

121 3097 180 3146 tus.
222 3087 305 3146 Laco
326 3098 432 3160 autem,
447 3108 539 3165 quum
553 3089 672 3159 videret,
689 3089 782 3146 hostes
802 3088 931 3164 equitatu
949 3106 1032 3164 sups-
1053 3091 1071 3146 6

122 3181 198 3237 rare,
212 3185 373 3243 numquam
391 3168 422 3225 in
446 3187 549 3246 eampo
572 3169 619 3227 sui
644 3168 713 3226 fecit
736 3175 914 3243 potestatam,
936 3176 964 3225 et
986 3168 1033 3233 his
1107 3228 1116 3241 ,

121 3243 194 3304 loeis
207 3262 327 3304 manum
341 3247 497 3318 conseruit,
512 3248 620 3325 quibus
640 3247 706 3324 plus
720 3244 866 3322 pedestres
879 3247 970 3324 copiae
983 3266 1031 3305 va·
1067 3288 1072 3305 .
1125 3248 1133 3274 ²

121 3322 226 3385 lerant.
270 3324 385 3402 Pepulit
410 3344 489 3402 ergo,
514 3324 754 3403 qnotiescumque
779 3344 954 3404 congressus
978 3321 1031 3397 est,
1059 3308 1071 3345 Ὺ
1112 3323 1119 3345 ‘

120 3402 213 3462 multo
235 3404 362 3481 majores
386 3403 620 3463 adversariorum
643 3406 750 3482 copias,
776 3414 805 3462 et
832 3407 875 3483 sic
899 3406 930 3462 in
958 3406 1033 3462 ,isia
1102 3475 1103 3478 Ἴ

67 3488 69 3495 “
120 3491 253 3540 versatus
268 3492 320 3552 est,
335 3491 368 3559 pt
381 3484 512 3541 omnium
525 3483 658 3561 opinione
672 3485 766 3542 vietor
779 3478 946 3541 duceretur.

159 3559 215 3621 IV.
237 3559 297 3621 Hic
318 3578 412 3639 quum
433 3561 496 3637 jam
511 3563 608 3620 animo
626 3560 981 3638 meditaretufprofioisoi
1000 3559 1031 3617 in
1054 3564 1067 3618 1

121 3637 239 3712 Pareae,
250 3648 280 3700 et
299 3639 396 3720 iprum
410 3657 511 3718 regam
531 3639 649 3711 adoriri,
662 3640 782 3698 nuntius
805 3640 835 3697 ei
856 3637 1038 3708 demessuit
