2378 4036
196 223 240 282 ro
437 215 543 281 xvn.
587 225 616 280 e.
664 215 871 300 (amaus.)

193 369 333 446 ephorum
343 370 443 441 missu,
453 370 564 428 bellum
578 370 773 427 Athenienses
780 377 809 426 et
823 368 949 426 Boeotios
962 367 1100 430 indixisse

153 449 174 505 2
193 445 440 506 Lacedaemoniis:
461 467 553 526 quare
568 450 668 507 venire
679 467 716 504 ne
730 446 885 505 dubitaret.
928 446 961 504 ln
976 447 1030 506 hoc
1043 455 1098 508 non

192 527 290 584 minus
303 527 368 602 ejus
381 529 473 604 pietas
486 526 671 604 suspicienda
685 535 737 596 est,
752 545 841 602 quarn
860 526 953 583 virtus
978 527 1099 586 bellica:

191 605 252 680 qui,
267 623 358 681 quum
373 606 475 664 victori
496 617 632 682 praeesset
645 605 787 663 exercitui
812 606 1026 681 maximamque
1050 605 1099 664 ha-

192 683 273 741 beret
286 683 423 743 fiduciam
439 686 522 762 regni
536 685 695 743 Persarum
716 683 853 759 potiundi,
868 693 948 756 taQa
963 684 1099 743 modestia

86 747 159 914 ql,
191 760 267 820 dioto
281 762 403 821 audiens
417 762 472 822 tuit
489 764 580 840 jussis
594 763 755 821 absentium
776 762 1007 838 magistratuum,
1017 775 1065 850 Q
1074 765 1099 823 si

191 841 321 916 privatus
333 842 365 898 in
379 843 495 900 comitio
508 852 583 915 esset
596 841 719 918 Spartae.
761 841 855 918 Cujus
865 841 1031 917 exemplum
1046 844 1098 901 uti·

191 937 260 976 nam
273 920 461 998 imperatores
474 918 659 997 nosntsequi
679 919 856 979 voluissent!
896 919 954 978 Sed
969 920 1041 978 illuc
1055 941 1098 980 re-

151 1000 170 1054 8
191 997 321 1056 deamus.
365 1001 524 1077 Agesilaus
537 1000 753 1076 opulentissimo
774 1018 863 1076 regno
884 1001 1037 1075 praeposuit
1051 1001 1097 1059 bo-

190 1094 259 1133 nam
272 1079 521 1150 existimationem,
537 1079 685 1154 multoque
699 1078 853 1154 gloriosius
866 1077 958 1148 duxit,
974 1079 998 1135 si
1019 1079 1097 1137 insti-

189 1156 260 1214 tutis
274 1157 374 1233 patriae
388 1159 541 1234 paruisset,
556 1158 686 1234 quamsi
708 1157 782 1215 bello
802 1167 967 1233 superasset
985 1158 1097 1215 Asiam.

150 1236 170 1291 4
190 1233 258 1292 Hac
271 1236 361 1313 igitur
375 1248 470 1294 mente
480 1236 700 1314 Hellespontum
715 1237 813 1312 copias
827 1234 950 1311 trajecit,
962 1246 1098 1321 tantaque

190 1330 261 1371 usus
275 1324 319 1372 est
332 1315 491 1386 eeleritate,
506 1324 547 1385 ut,
562 1314 639 1392 quod
659 1315 716 1372 iter
738 1314 852 1373 Xerxes
873 1333 948 1372 anno
969 1326 1097 1374 vertente

47 1397 113 1415 ⁶*
149 1391 363 1463 hoonsacerat,
377 1394 426 1452 hic
448 1376 594 1474 trgrffi‘erit
616 1394 735 1471 triginta
758 1393 871 1451 diebus.
914 1394 1015 1463 Quum
1036 1393 1098 1470 jam

189 1471 267 1529 haud
281 1473 322 1530 ita
336 1472 420 1550 longe
436 1473 549 1531 abesset
562 1492 580 1531 a
594 1472 798 1548 Peloponneso,
809 1473 947 1531 obsistere
961 1473 989 1530 ei
1003 1475 1098 1530 eonati

188 1560 255 1608 sunt
269 1551 465 1611 Athenienses
478 1562 507 1610 et
521 1551 634 1622 Boectii,
650 1553 797 1628 ceterique
811 1570 912 1609 eorum
926 1553 1006 1622 socii,
1022 1551 1097 1628 apud

149 1631 167 1686 6
188 1627 366 1688 Coroneam:
387 1650 460 1707 quos
473 1650 573 1690 omues
587 1632 672 1709 gravi
686 1631 789 1707 proelio
803 1631 883 1688 vicit.
925 1629 1024 1707 Hujus
1039 1631 1100 1690 vic·‚

187 1710 324 1768 toriaevel
338 1711 467 1768 maxima
478 1710 532 1768 luit
545 1710 620 1781 laus,
631 1709 716 1786 quod,
725 1729 817 1786 quum
832 1709 962 1786 plerique
976 1729 1014 1767 ex
1028 1709 1097 1788 fuge

188 1806 220 1846 se
235 1789 266 1846 in
279 1789 421 1866 templum
436 1789 578 1849 Minervae
594 1789 794 1866 conjecissent,
808 1797 1047 1865 quaerereturque
1062 1789 1097 1846 ab

187 1885 231 1936 eo,
245 1868 313 1944 quid
340 1870 385 1927 his
399 1869 463 1927 fieri
488 1868 585 1938 vellet,
600 1869 654 1927 etsi
677 1868 785 1944 aliquot
799 1867 923 1925 vulnera
944 1878 1097 1944 acceperat

187 1964 222 2003 eo
245 1948 356 2023 proelio,
378 1959 407 2006 et
430 1950 524 2007 iratus
546 1948 699 2005 videbatur
720 1946 863 2016 omuibus,
885 1947 937 2023 qui
959 1946 1096 2005 adversus

188 2042 271 2081 arma
293 2026 434 2096 tulerant,
446 2037 543 2084 tamen
570 2026 704 2084 antetulit
727 2027 779 2083 irae
801 2025 979 2102 religionem,
1001 2035 1031 2083 et
1048 2045 1096 2084 eos

147 2106 166 2160 7
188 2104 279 2160 vetuit
292 2104 405 2161 violari.
448 2105 553 2180 Neque
569 2123 637 2162 vero
651 2106 706 2162 hoc
720 2105 814 2163 solum
836 2105 866 2162 in
887 2103 1004 2163 Graecia
1018 2103 1095 2175 fecit,

187 2189 219 2238 ut
232 2182 341 2256 templa
354 2182 475 2240 deorum
488 2193 590 2242 sancta
604 2183 723 2245 haberet
735 2204 744 2257 3
768 2183 819 2241 sed
833 2184 921 2241 etiam
935 2182 1011 2261 apud
1032 2183 1095 2241 bar-

135 2333 136 2337 *
187 2259 272 2317 baros
285 2272 400 2318 summa
421 2262 560 2340 religione
580 2264 678 2320 omnia
699 2262 860 2321 simulacre
884 2281 1008 2340 arasque
1028 2281 1096 2321 con·

148 2342 166 2396 Β
187 2339 324 2396 servavit.
366 2339 468 2418 ltaque
490 2341 675 2417 praedicabat,
691 2342 792 2399 mirari
806 2361 847 2412 se,
862 2359 919 2399 non
939 2341 1094 2420 sacrilego·

187 2435 253 2474 rum
266 2436 388 2476 numero
402 2419 511 2490 haberi,
525 2421 576 2496 qui
591 2420 772 2497 supplicibus
786 2439 888 2478 eorum
908 2421 1093 2494 nocuissent3

187 2504 308 2554 autnon
322 2499 504 2574 gravioribus
518 2500 612 2576 poenis
627 2499 705 2558 affici
728 2501 779 2575 qui
802 2500 971 2577 religionem
984 2499 1094 2558 minue-

187 2584 260 2644 rent,
275 2594 364 2652 quam
378 2578 428 2654 qui
444 2577 512 2637 lana
525 2579 691 2655 spoliarent.
1072 2605 1076 2612 ·

148 2659 163 2715 1
226 2654 266 2712 ll.
289 2655 355 2714 Post
369 2656 422 2715 hoc
437 2658 573 2734 proelium
584 2658 722 2717 collatum
736 2667 780 2716 est
793 2677 878 2717 omne
892 2656 1002 2716 bellum
1013 2657 1094 2716 circa

146 2738 165 2792 2
186 2733 366 2806 Corinthum,
391 2735 513 2813 ideoque
533 2737 716 2795 Corinthium
740 2736 993 2814 estappellatum.
1035 2735 1094 2796 Hic

185 2833 276 2891 quum
291 2834 350 2873 una
364 2833 462 2892 pugna
475 2816 577 2874 decem
592 2816 685 2874 millia
705 2817 839 2886 hostium,
855 2815 995 2893 Agesilao
1009 2815 1093 2885 duee,

185 2894 367 2964 cecidissent,
388 2914 481 2971 eoque
504 2893 581 2953 facto
602 2913 671 2971 opes
692 2894 926 2955 adversariorum
940 2893 1094 2952 debilitate

185 2973 372 3032 viderentur:
393 2983 505 3032 tantum
520 2973 612 3032 abfuit
631 2974 667 3030 ab
681 2973 833 3032 insolentia
846 2973 957 3050 gloriae,
972 2982 1093 3049 Qni-

50 3072 77 3083 ··
101 3078 112 3085 -
146 3080 159 3093 -
184 3053 339 3111 miseratus
362 3053 400 3111 sit
413 3051 569 3112 'fortunam
592 3053 725 3122 Graeciae,
747 3052 821 3128 quod
838 3063 897 3110 tam
920 3051 1005 3109 multi
1027 3071 1044 3109 a
1063 3071 1095 3110 se

186 3129 256 3187 vieti
283 3132 352 3190 vitio
380 3130 613 3190 adversariorum
641 3131 851 3190 concidissent:
886 3149 1014 3207 numque
1043 3131 1095 3188 illa

185 3206 378 3280 multitudine,
405 3211 431 3268 si
459 3229 531 3269 sana
555 3229 637 3268 mens
659 3220 743 3281 esset,
770 3210 895 3269 Graeciae
917 3209 1094 3286 supplicium

145 3282 290 3342 8Persas
318 3287 387 3346 dare
415 3291 550 3364 potuisse.
593 3288 673 3348 ldem
700 3309 792 3366 quum
815 3289 996 3346 adversarios
1019 3289 1095 3346 intra

184 3364 293 3421 moenia
306 3367 500 3441 compulisset,
515 3380 552 3438 et,
574 3378 606 3426 ut
619 3368 790 3427 Corinthum
807 3377 996 3444 oppugnaret,
1011 3366 1095 3424 multi

184 3441 379 3512 hortarentur,
389 3446 521 3520 negavit,
537 3447 564 3503 id
586 3466 648 3505 sua
661 3447 760 3505 virtuti
774 3446 948 3505 convenire:
969 3465 1002 3504 se
1016 3447 1095 3503 enim

108 3578 112 3583 .
183 3536 253 3597 eum
267 3539 330 3580 esse
344 3519 424 3592 dixit,
438 3523 488 3599 qui
503 3521 539 3580 ad
553 3524 681 3583 officium
695 3535 850 3601 peccantes
859 3522 953 3583 redire
967 3533 1095 3662 oogeNpet,

134 3602 157 3656 ⁴
172 3614 243 3670 uon,
260 3600 316 3678 qui
330 3599 419 3660 urbes
433 3598 626 3661 nobilissimas
639 3613 820 3687 espugnpret
841 3602 976 3663 Grecis.
1050 3621 1095 3664 an
