2378 4036
162 282 206 346 90
375 277 498 344 XXIII.
543 286 572 356 3,
586 287 616 344 4.
659 279 867 363 (Hannibal.)

158 431 319 513 sacnficcre
344 434 509 503 instituerat,
535 452 656 509 canuae,
678 436 776 492 ceteris
797 435 916 504 recentis,
938 443 1068 493 meatem

152 511 256 588 jurare
262 512 360 588 jussit,
375 514 523 587 numquam
536 531 579 571 me
592 516 623 570 in
633 515 756 570 amicitia
770 531 831 569 cam
845 511 1068 591 Romanisfore.

119 591 139 646 5
159 587 197 646 Id
209 609 259 666 ego
265 591 467 667 japuraadum
475 593 555 667 patri
568 592 662 653 datum
676 610 763 667 usque
777 592 815 647 ad
828 591 899 648 heac
911 600 1017 650 amtem
1029 594 1069 666 ita
1083 636 1085 645 .

159 673 328 740 conservavi,
353 680 385 728 at
408 673 512 731 nemini
534 670 647 728 dubium
668 690 729 729 esse
750 669 855 740 debeat,
877 672 944 745 quin
962 669 1081 746 reliqna⁴

118 750 138 803 6
158 756 275 823 tempore
288 751 384 808 eodem
398 738 485 807 meme
498 747 690 826 simsularus.
735 745 841 820 Quare,
856 751 883 805 si
896 751 964 824 quid
981 753 1069 808 amice

157 828 192 884 de
206 826 344 886 Romanis
358 827 500 904 cogimbis,
521 847 576 885 noa
589 830 778 902 imprudenter
791 826 913 904 feceris,
928 829 955 884 ei
971 847 1012 885 me
1027 847 1067 887 ce-

157 907 229 963 lcris
239 927 254 976 ;
274 908 479 997 Qffldm
494 907 594 965 bellum
612 907 780 983 parochiale
801 909 891 980 ipsam
904 904 1067 983 frustrabe-

156 986 208 1054 ris,
223 987 250 1042 ei
262 1004 304 1044 me
317 1004 373 1043 aon
386 988 416 1044 in
429 1003 461 1044 eo
470 988 625 1060 principem
634 987 775 1060 posueris.

19 1102 22 1108 -
120 1066 134 1119 l
197 1061 249 1122 ΙΙΙ.
273 1063 339 1122 Hac
364 1065 463 1143 igitur,
486 1083 545 1141 qua
569 1065 704 1134 diximus,
729 1074 814 1121 aetate
839 1082 908 1121 cum
932 1073 1014 1141 patre
1036 1065 1067 1121 in

157 1141 329 1220 Hispaniam
344 1143 490 1220 profectus
501 1154 560 1201 est:
583 1143 668 1219 cujus
683 1153 745 1220 post
754 1143 873 1212 obitum,
881 1142 1066 1200 Hasdrubale

157 1221 330 1298 imperatore
344 1223 474 1292 suffecto,
489 1224 631 1299 equitatui
651 1223 729 1281 omni
751 1219 876 1297 praefuit.
919 1220 983 1279 Hoc
997 1241 1066 1297 quo·

158 1317 215 1374 qne
235 1298 394 1371 interfecto,
410 1303 556 1360 exercitus
571 1320 716 1359 summam
738 1301 852 1376 imperii
867 1300 904 1357 ad
927 1319 995 1357 eum
1019 1301 1066 1359 de·

156 1379 231 1436 tulit.
274 1378 306 1436 Id
326 1379 533 1458 Carthaginem
558 1381 685 1438 delatum
710 1380 826 1456 publice
850 1379 1066 1455 comprobatum
1143 1382 1150 1392 '

116 1459 136 1512 2
156 1465 209 1514 est.
244 1457 294 1515 Sic
308 1456 457 1517 Hannibal
472 1460 566 1517 minor
579 1460 707 1535 quinque
722 1468 750 1516 et
765 1457 868 1535 viginti
883 1459 966 1515 annis
980 1468 1066 1516 natus

155 1535 312 1613 imperator
332 1536 427 1596 factus
448 1539 577 1616 proximo
591 1539 714 1596 triennio
728 1555 828 1596 omnes
846 1546 947 1614 gentes
961 1536 1065 1613 Hispa-

156 1615 213 1672 niae
232 1615 308 1674 bello
321 1616 454 1695 subegit3
477 1618 651 1695 Saguntum,
667 1616 837 1675 foederatam
862 1615 1020 1685 civitatem,
1035 1618 1064 1672 vi

116 1694 353 1772 8expugnavit3
376 1705 435 1754 tres
449 1697 596 1754 exercitus
620 1697 761 1754 maximos
786 1695 975 1771 comparavit.
1018 1694 1065 1752 Ex

156 1772 201 1851 his
216 1793 308 1832 unum
333 1775 363 1831 in
379 1775 515 1834 Africam
538 1776 624 1845 misit,
640 1776 764 1833 alterum
790 1792 858 1831 cum
879 1772 1065 1830 Hasdrubale

156 1849 245 1911 fratre
266 1855 297 1910 in
321 1852 466 1931 Hispania
487 1855 612 1932 reIIquit,
628 1855 746 1912 tertium
770 1853 800 1910 in
825 1851 940 1910 ltaliam
964 1871 1065 1909 secum

155 1929 248 1990 duxit.
290 1933 406 1990 Saltum
428 1933 604 2010 Pyrenaeum
627 1933 750 1990 transiit.
793 1931 990 2007 Quacumque
1011 1931 1066 1989 iter

155 2007 233 2080 fecit,
245 2030 314 2069 oum
327 2012 461 2069 omnibus
474 2013 578 2070 incolis
592 2012 740 2084 conflixit3
764 2011 919 2080 neminem,
934 2010 992 2066 nisi
1006 2011 1064 2067 vic-

55 2096 61 2105 ‘
115 2091 135 2145 4
155 2097 226 2157 tum,
242 2089 360 2146 dimisit.
397 2090 447 2147 Ad
462 2091 555 2166 Alpes
569 2099 755 2167 posteaquam
770 2089 858 2159 venit,
873 2106 940 2164 quae
950 2088 1064 2146 Italiam

154 2167 192 2222 ab
207 2166 306 2224 Gallia
319 2167 486 2244 sejungunt,
500 2188 575 2244 quas
589 2188 674 2226 nemo
688 2187 827 2244 nmquam
848 2185 917 2225 cum
932 2169 1064 2224 exercitu

155 2253 222 2302 ante
247 2264 325 2316 eum,
351 2257 456 2321 praeter
481 2247 642 2305 Herculem
667 2247 801 2316 Graium,
816 2247 969 2303 transierat
993 2244 1065 2322 (quo

155 2321 230 2381 iacto
250 2324 276 2382 is
296 2325 381 2382 hodie
401 2326 494 2384 saltus
515 2325 625 2384 Graius
646 2324 840 2403 appellatur):
862 2324 992 2400 Alpicos,
1018 2343 1064 2382 co-

153 2410 255 2460 nantes
268 2403 418 2480 prohibere
434 2405 566 2475 transitu,
578 2405 712 2475 concidit,
724 2405 791 2462 loca
804 2401 948 2480 patefecit,
960 2404 1065 2461 itinera

153 2482 267 2551 muniit,
282 2481 378 2541 effecit
393 2483 487 2561 [que]‚
498 2495 579 2559 inea
593 2484 764 2560 elephantus
774 2491 893 2540 ornatus
907 2482 950 2539 ire
960 2491 1063 2567 m,

152 2577 212 2636 qua
225 2546 402 2620 auterannus
423 2563 507 2621 homo
521 2564 640 2621 inermis
654 2563 704 2620 vix
718 2570 827 2639 poterat
842 2579 954 2638 repere.
996 2559 1064 2618 Hac

154 2639 252 2717 copias
265 2639 401 2712 traduxit,
416 2641 446 2699 in
460 2641 631 2718 Italiamque
645 2642 785 2718 pervenit.

116 2721 131 2775 l
194 2717 247 2778 1v.
277 2717 453 2778 Conflixerat
478 2720 554 2796 apud
579 2721 754 2778 Rhodanum
777 2738 847 2777 cum
869 2719 903 2777 P.
928 2716 1064 2776 Cornelio

153 2796 288 2876 Scipione
301 2797 368 2856 Cos.
383 2817 511 2875 eumque
524 2800 685 2876 pepulerat.
725 2799 801 2857 Cum
815 2798 870 2856 hoc
883 2795 985 2855 eodem
999 2795 1063 2874 [de]

153 2875 293 2936 Clastidio
313 2877 391 2955 apud
405 2876 517 2935 Padum
531 2877 678 2936 decernit:
700 2878 835 2936 saucium
849 2876 916 2934 inde
931 2894 966 2933 ac
982 2874 1063 2952 iuga-

114 2959 133 3012 2
153 2965 216 3014 tum
230 2955 355 3015 dimittit.
398 2955 499 3014 Tertio
512 2956 589 3014 idem
610 2957 792 3033 Scipionum
806 2955 929 3032 collega,
945 2953 1064 3012 Tiberio

154 3033 264 3114 Longo,
280 3036 356 3113 apud
381 3035 521 3094 Trebiam
536 3035 675 3094 adversus
699 3054 768 3092 enm
783 3035 873 3092 venit.
915 3033 994 3090 eum
1019 3033 1064 3090 his

153 3133 273 3172 manum
288 3115 453 3174 conseruit:
475 3125 611 3190 utrosque
636 3114 810 3192 profligavit.
852 3111 922 3171 Inde
942 3129 994 3187 per
1014 3109 1063 3168 Li-

114 3195 133 3248 3
153 3210 243 3270 gures
257 3193 589 3270 Apenninumtransiit,
604 3205 705 3270 petens
729 3192 890 3250 Etruriam.
932 3190 998 3248 Hoc
1019 3190 1063 3247 iti·

153 3287 223 3327 nere
248 3271 321 3328 adeo
362 3274 426 3330 ravi
451 3274 549 3332 morbo
573 3273 700 3331 afficitur
721 3271 885 3340 oculorum,
910 3278 1064 3344 mpostea

32 3352 129 3383 ’Ν
153 3360 312 3423 numquam
346 3361 445 3409 extero
459 3370 542 3427 seque
556 3352 629 3410 bene
644 3369 715 3409 usus
729 3351 775 3408 sit.
814 3349 884 3416 Qua
898 3347 1064 3405 valetudine

151 3444 245 3565 quum
268 3428 356 3484 etiam
381 3447 460 3486 nunc
485 3418 852 3506 premeretuffiticeque
877 3426 1012 3495 ferretur,
1026 3425 1062 3485 C.

180 3505 332 3564 laminium
352 3506 419 3564 Cos.
435 3508 512 3582 apud
536 3507 742 3566 Trasimenum
756 3526 826 3565 cum
840 3505 971 3564 exercitu
995 3505 1063 3563 inei·

151 3584 208 3644 dils
221 3585 455 3643 circumventum
468 3585 591 3644 occidit:
612 3605 707 3663 neque
721 3586 813 3644 multo
826 3594 889 3662 post
907 3583 944 3643 G.
959 3583 1063 3642 Canta

136 3663 227 3719 nium
244 3673 417 3739 praetorem,
433 3681 503 3723 cum
524 3664 638 3724 delecta
650 3682 740 3722 manu
753 3664 846 3723 saltus
858 3670 1061 3740 occupantem.

1082 2420 1150 2551 qt
