2378 4036
349 239 390 302 ll.
427 247 457 316 6,
474 246 503 302 7.
539 240 804 316 (Themistocles.)
991 249 1030 307 1⁷

120 398 174 460 rat,
199 387 303 445 eidem
329 385 425 444 minus
449 386 553 445 diebus
576 386 694 463 triginta
716 388 748 446 in
769 388 871 446 Asiam
894 406 1030 448 reversus

123 481 273 542 actaeque
288 485 306 522 a
320 464 522 523 Themistocle
536 483 596 523 non
614 477 789 541 superatum,
803 467 857 524 sed
876 485 1031 527 conserva·

121 557 181 606 tum
198 545 350 622 judicavit.
376 544 428 602 Sic
442 544 528 601 unius
541 544 596 601 viri
610 545 764 619 prudentia
778 545 894 603 Graecia
907 546 1031 606 liberata
1050 552 1068 607 3

121 636 176 696 est,
200 625 384 700 Europaeque
406 623 559 686 succubuit
572 623 654 680 Asia.
687 624 770 682 ,Haec
792 625 883 682 altera
898 626 1029 698 victoria,

121 722 184 781 quae
204 722 271 760 cum
292 701 476 760 Marathonio
498 702 593 777 possit
615 703 775 778 comparari
794 713 911 779 tropaeo.
952 705 1030 764 Nam

120 784 185 864 pari
198 782 284 839 modo
296 781 372 857 apud
386 781 536 838 Salamina
548 799 638 857 parvo
648 800 768 838 numero
778 783 894 840 navium
903 783 1030 842 maxima

120 873 188 938 post
200 861 350 919 hominum
362 859 530 916 memoriam
545 859 651 917 classis
667 871 713 917 est
726 861 850 918 devicta.

161 941 217 998 VI.
239 940 365 1015 Magnus
376 938 433 996 hoc
443 939 521 996 bello
530 938 748 997 Themistocles
759 939 821 1010 fuit,
828 959 885 997 nec
894 940 1030 999 minoriu
1052 946 1066 1001 1

121 1038 206 1096 pace.
232 1019 330 1085 Quum
341 1017 419 1074 enim
430 1016 586 1075 Phalerico
596 1029 689 1094 portu,
699 1037 794 1094 neque
804 1037 909 1094 magno
969 1050 1007 1091 ns

121 1117 216 1174 neque
236 1099 324 1167 bono,
337 1096 537 1154 Athenienses
555 1108 718 1155 uterentur:
741 1097 826 1174 hujus
842 1115 910 1155 con·
946 1101 1031 1140 ΗΜ·

122 1178 189 1235 silio
203 1177 310 1252 triplex
324 1175 448 1234 Piraei*
461 1185 560 1250 portus
576 1175 747 1234 constitutus
762 1187 816 1247 est,
831 1176 915 1253 isque
929 1176 1029 1234 moeni·

122 1257 178 1314 bus‘
190 1254 394 1325 circumdatum,
408 1264 440 1311 ut
454 1254 550 1330 ipsam
562 1255 663 1312 urbem
676 1254 816 1331 dignitate
831 1255 1029 1332 aequipararet,

122 1335 245 1392 utilitate
260 1344 420 1410 superaret.
461 1333 544 1391 Idem
556 1352 654 1391 muros
668 1333 892 1394 Atheniensium
904 1334 1030 1392 restituit
1048 1339 1067 1392 2

122 1415 270 1489 praecipuo
279 1412 411 1488 periculo
423 1431 486 1470 suo.
527 1412 557 1470 N
559 1431 662 1488 amque
674 1413 899 1485 Lacedaemonii,
911 1431 1030 1471 causam

123 1492 259 1551 idoneam
285 1492 365 1548 nacti
391 1502 508 1567 propter
534 1493 717 1549 barbarorum
745 1494 946 1563 excursiones,
972 1511 1030 1568 qua

123 1582 272 1648 negarent,
295 1581 427 1646 oportere
452 1581 534 1628 extra
558 1571 795 1646 Peloponnesum
817 1573 907 1629 ullam
928 1573 1030 1629 urbem

124 1649 241 1720 habere,
255 1669 294 1708 ne
309 1661 409 1707 essent
424 1651 492 1707 loca
504 1650 624 1720 munita,
636 1669 701 1726 quae
719 1651 820 1708 hostes
834 1650 1029 1726 possiderent,

124 1729 322 1787 Athenienses
345 1729 522 1786 aedificantes
547 1729 701 1804 prohibere
726 1740 793 1786 sunt
814 1730 920 1786 conati.
961 1728 1029 1786 Hoc
1050 1731 1068 1785 3

123 1809 209 1886 longe
221 1808 279 1865 alio
290 1809 449 1884 spectabat,
460 1819 545 1884 atque
554 1807 648 1864 videri
655 1808 810 1868 volebant..
831 1807 1030 1864 Athenienses

124 1888 202 1945 enim
215 1887 326 1944 duabus
339 1887 480 1957 victoriis,
494 1885 679 1944 Marathonii
693 1895 723 1942 et
741 1885 909 1955 Salaminia,
922 1893 1030 1942 tantam

124 1967 244 2042 gloriam
259 1966 335 2042 apud
348 1985 450 2024 omnes
464 1978 567 2042 gentes
579 1974 661 2023 erant
671 1963 832 2035 consecuti,
842 1975 874 2021 ut
886 1963 1031 2039 intellige·

123 2056 186 2102 rent
200 2045 427 2115 Lacedaemonii,
441 2045 477 2102 de
491 2045 655 2121 principatu
668 2044 725 2102 sibi
739 2063 806 2101 cum
821 2043 868 2101 his
883 2053 1031 2101 certamen

124 2124 193 2182 fore.
236 2125 336 2190 Quare
365 2143 416 2182 eos
441 2143 528 2201 quam
554 2123 766 2182 infirmissimos
794 2143 863 2181 esse
885 2123 1069 2181 volebantd

124 2203 282 2280 Postquam
317 2216 413 2261 autem
446 2203 606 2274 audierunt,
639 2221 736 2261 muros
770 2203 882 2274 instrui,
916 2203 1029 2278 legatos
1102 2222 1105 2227 ·

125 2283 256 2351 Athenas
269 2282 419 2352 miserunt,
432 2282 482 2358 qui
500 2282 531 2339 id
549 2282 614 2339 fieri
628 2292 768 2340 vetarent.
810 2283 868 2340 His
881 2281 1031 2358 praesenti-

124 2361 174 2420 bus
187 2361 350 2432 desienmt,
364 2380 399 2418 ac
414 2381 448 2418 se
462 2362 499 2419 de
514 2380 551 2419 ea
566 2379 599 2418 re
620 2362 733 2437 legatos
756 2361 793 2418 ad
815 2380 867 2419 eos
888 2361 1030 2418 missuros

126 2439 267 2499 dixerunt.
308 2441 395 2499 Hauc
416 2441 594 2516 legationem
615 2440 746 2516 suscepit
760 2440 987 2510 Themistocles,
1001 2448 1031 2496 et
1051 2443 1069 2495 5

128 2520 202 2578 solus
215 2519 311 2596 primo
324 2519 471 2595 profectus
486 2530 549 2590 est;
570 2520 674 2596 reliqui
687 2520 777 2595 legati
790 2530 822 2576 ut
834 2530 894 2576 tum
908 2519 1031 2589 exirent,

128 2617 209 2673 quum
223 2599 297 2656 satis
314 2599 434 2656 altitudo
451 2599 526 2656 muri
545 2609 691 2656 exstructa
703 2599 859 2670 uideretur,
873 2597 1030 2675 praecepit;

131 2674 238 2736 interim
252 2696 365 2748 omnes,
379 2678 457 2735 servi
472 2687 558 2753 atque
579 2677 673 2748 liberi,
687 2696 760 2754 opus
781 2678 921 2749 facerent,
933 2694 1030 2753 neque

132 2756 176 2814 ulli
197 2758 265 2815 loco
286 2767 449 2832 parcerent,
464 2756 526 2814 sive
542 2775 635 2828 sacer,
650 2757 712 2815 sive
734 2757 881 2834 profanus,
895 2758 959 2815 sive
973 2773 1030 2832 pn·

134 2846 206 2894 rasis
229 2847 320 2906 esset,
343 2836 407 2893 sive
428 2835 573 2912 publicus,
596 2846 625 2894 et
645 2836 782 2914 undique,
796 2837 873 2913 quod
894 2836 1030 2914 idoneum

138 2913 165 2970 u
176 2915 361 2973 muniendum
374 2925 516 2990 putarent,
530 2927 731 2992 congererent.
773 2917 840 2982 Quo
854 2915 962 2972 factum
975 2922 1030 2983 est,

140 2993 462 3052 utAtheniensiummuri
472 3012 509 3052 ex
517 2995 636 3052 sacellis
646 2996 1028 3070 sepulcrisqueconstarent.

171 3071 234 3130 Vll.
256 3072 475 3130 Themistocles
497 3084 602 3144 autem,
623 3085 655 3131 ut
679 3073 921 3130 Lacedaemdnem
941 3071 1030 3137 venit,
1053 3076 1065 3129 l

144 3147 447 3233 adireadmagistratus
454 3153 556 3224 poluit,
566 3163 595 3210 et
605 3152 686 3209 dedit
695 3169 822 3227 operam,
832 3161 864 3208 ut
873 3170 959 3227 quam
968 3151 1030 3209 lon·

146 3228 246 3296 aalma
256 3241 370 3306 tempus
381 3231 509 3302 duceret,
521 3249 639 3290 causam
649 3229 847 3306 interponens,
856 3250 890 3288 se
902 3232 1030 3307 collegas

148 3319 308 3389 exspectare,
317 3329 404 3386 quum
413 3309 629 3368 Lacedaemonii
639 3320 836 3386 quererentur,
844 3329 917 3385 opus
926 3311 1030 3368 nihilo·

149 3395 221 3442 nunus
242 3389 315 3459 lieri,
338 3407 463 3465 eumque
483 3390 515 3447 in
529 3408 565 3446 ea
582 3408 615 3446 re
635 3390 735 3447 conari
757 3389 869 3447 fallere.
910 3390 1030 3448 Interim
1050 3391 1068 3444 2

150 3457 232 3537 reliqui
246 3467 335 3544 legati
349 3478 416 3526 sunt
430 3468 591 3525 consecuti.
632 3468 660 3526 A
673 3468 776 3544 quihus
790 3486 878 3544 quum
892 3467 1031 3536 audisset,

151 3547 193 3595 *¹⁰11
207 3546 321 3606 mulum
333 3563 493 3624 superesse
508 3546 686 3618 munitionis,
700 3547 737 3605 ad
752 3545 878 3624 ephoros
892 3543 1031 3604 Laceda-
