2378 4036
342 251 504 327 11111.
548 250 810 331 (Themistocles.)
989 254 1028 312 re

118 401 195 458 leret
216 399 292 469 sibi;
312 399 432 456 difficile
455 398 533 456 enim
557 416 635 468 esse,
655 397 686 454 in
707 407 766 454 tam
783 396 943 474 propinquo
962 396 1029 454 loco

119 489 180 536 tuto
201 496 268 536 eum
285 477 408 535 versari.
448 477 549 551 Itaque
570 476 703 552 Pydnam
722 494 790 533 eum
809 475 914 533 deduci
931 473 1028 551 jussit,

121 566 152 614 ct
165 556 242 632 quod
256 556 327 613 satis
343 566 424 612 esset
435 555 573 631 praesidii,
582 554 671 612 dedit.
702 553 762 611 Hic
776 554 807 612 in
820 573 925 611 navem
938 553 1027 612 omni-
1049 555 1067 610 d

121 636 175 694 bus
200 635 317 710 ignotus
338 634 434 691 nautis
455 633 616 691 adscendit.
658 633 731 699 Quae
750 651 838 706 quum
856 642 1028 708 tempestate

121 714 248 772 maxima
275 713 392 770 Naxum
412 711 543 781 serretur,
566 711 615 769 ubi
636 721 697 768 tum
718 711 940 770 Atheniensium
968 720 1030 768 erat

122 791 287 849 exercitus:
310 789 404 847 sensit
423 789 649 859 Themistocles,
664 790 691 847 si
711 808 747 847 eo
767 789 959 865 pervenisset,
973 788 1030 846 sibi

124 889 192 928 esse
201 869 389 946 pereundum.
418 867 485 925 Hac
493 869 670 925 necessitate
681 877 800 925 coactus
811 866 927 925 domino
936 866 1030 938 n'avis,

124 949 172 1023 qui
187 949 235 1018 sit,
250 948 351 1022 aperit,
365 947 454 1003 multa
466 945 621 1022 pollicens,
635 946 662 1003 si
682 965 715 1003 se
737 955 950 1003 conservasset.
991 947 1031 1003 At
1050 950 1067 1003 7

124 1028 184 1097 ille,
196 1025 352 1083 clarissimi
365 1025 419 1082 viri
433 1035 534 1099 captus
546 1024 755 1094 misericordia,
768 1024 847 1082 diem
858 1034 1029 1097 noctemque

125 1104 225 1182 procul
240 1106 276 1161 ab
290 1104 386 1161 insula
399 1103 430 1160 in
444 1104 506 1160 salo
525 1121 628 1159 navem
646 1103 739 1160 tenuit
752 1102 783 1160 in
797 1102 922 1172 ancoris,
934 1115 1029 1177 neque

125 1201 297 1258 quemquam
310 1200 348 1239 ex
361 1201 398 1238 ea
412 1181 492 1238 exire
505 1200 610 1256 pessus
625 1191 679 1238 est.
714 1181 787 1240 Inde
802 1180 954 1257 Ephesum
966 1199 1031 1257 per-

127 1263 213 1330 venit,
224 1261 322 1335 ibique
336 1259 565 1317 Themistoclem
580 1260 696 1335 exponit
706 1281 723 1330 :¹
736 1260 784 1317 cui
797 1260 848 1316 ille
858 1277 910 1335 pro
920 1259 1031 1317 meritis

127 1340 247 1416 gratiam
260 1350 363 1414 postea
376 1338 483 1396 retulit.

165 1418 222 1476 IX.
255 1417 335 1487 Scio,
358 1418 513 1493 plerosque
534 1416 575 1474 ita
596 1417 764 1493 scripsrsse,
791 1416 1031 1487 Themistoclem,
1054 1422 1065 1474 l

129 1496 227 1554 Xerxe
241 1503 390 1571 regnante,
404 1496 436 1552 in
448 1496 551 1553 Asiam
569 1497 720 1554 transisse.
762 1496 824 1554 Sed
844 1514 900 1572 ego
915 1496 1032 1572 potissi·

128 1595 204 1633 mum
213 1574 381 1650 Thucydidi
396 1573 493 1644 credo,
504 1575 580 1650 quod
593 1585 675 1632 aetate
688 1575 845 1651 proximus,
855 1575 904 1650 qui
917 1575 1032 1634 illomm

129 1665 288 1730 temporum
314 1653 464 1710 historiam
490 1655 674 1729 reliquerunt,
694 1664 723 1711 et
747 1654 879 1730 ejusdem
906 1654 1031 1712 civitatis

129 1731 190 1789 luit.
231 1733 262 1789 Is
277 1742 372 1788 autem
391 1732 439 1802 ait,
454 1732 491 1788 ad
511 1734 701 1790 Artaxerxem
721 1751 788 1789 eum
800 1733 928 1802 venisse,
947 1742 1032 1806 atque

129 1809 175 1867 his
186 1811 282 1867 verbis
297 1810 449 1885 epistolam
458 1811 576 1868 misisse
587 1831 594 1868 :
614 1810 811 1867 Themistoclea
820 1812 883 1866 oeni
892 1811 930 1867 cd
940 1821 974 1879 te,
985 1812 1033 1885 qui
1051 1816 1070 1868 2

128 1889 248 1968 plurime
269 1889 343 1946 mala
361 1890 480 1946 omnium
501 1890 651 1946 Graiomm
671 1890 701 1945 ia
724 1888 831 1944 domum
850 1899 925 1945 tuam
941 1889 1032 1959 intuli,

130 1988 211 2043 quum
231 1969 299 2024 milti
321 1987 429 2026 necesse
444 1966 517 2044 fuit,
540 1968 676 2025 adversas
690 1977 803 2044 ⁴patrem
827 1967 1033 2039 tumbellam,

128 2049 299 2124 patriamque
324 2067 411 2102 mecm
438 2045 589 2124 defendere.
642 2046 720 2104 Idem
743 2046 828 2104 multo
850 2046 936 2124 plura
963 2046 1033 2104 donc
1054 2051 1071 2103 3

133 2125 256 2202 [rursus]
261 2123 331 2201 feci,
340 2136 488 2201 postquam
499 2128 529 2183 in
543 2137 602 2183 tuto
616 2128 684 2202 ipse,
695 2136 722 2183 et
738 2126 784 2183 ille
797 2128 828 2183 ia
835 2127 959 2203 periculo
972 2147 1033 2185 esse

131 2207 216 2282 cepit.
259 2203 337 2260 Nam
350 2224 433 2279 quum
452 2206 482 2261 in
495 2207 597 2262 Asiam
619 2207 719 2262 reverti
738 2206 826 2274 vellet,
842 2205 940 2283 prelio
960 2207 1035 2284 apud

134 2281 372 2359 Sclumincfacto,
384 2283 486 2340 litteris
499 2304 559 2340 eum
572 2286 711 2341 certiorem
715 2283 786 2362 feci,
800 2285 831 2341 id
843 2287 900 2361 agi,
911 2296 1034 2364 uiperea,

131 2381 208 2437 quem
220 2363 251 2418 ic
263 2360 445 2438 Hellesponto
449 2361 569 2440 feceret,
588 2363 793 2432 dissolveretur,
806 2373 888 2438 etque
901 2364 936 2421 ob
949 2365 1035 2423 doeti-

133 2441 182 2497 das
202 2441 409 2498 circumiretur:
429 2461 481 2516 quc
500 2444 596 2499 nuntio
619 2443 666 2500 alle
679 2442 804 2518 periculo
825 2453 868 2500 est
890 2442 1032 2500 liberatus.

133 2518 216 2576 Nunc
235 2529 326 2576 autem
344 2517 458 2597 confugi
477 2521 515 2577 od
536 2531 570 2590 te,
589 2522 749 2597 exagitatus
762 2541 780 2578 a
793 2532 891 2579 euecta
915 2521 1035 2593 Grecis,
1055 2527 1073 2578 4

135 2607 207 2654 taam
220 2608 320 2674 petens
338 2600 506 2656 amicitiam:
527 2620 608 2676 quem
620 2602 648 2657 si
667 2618 712 2656 ero
732 2600 857 2677 adeptus,
871 2621 926 2658 aon
943 2602 1036 2658 mim

135 2695 173 2733 me
197 2676 296 2734 docem
323 2677 439 2734 amicum
458 2678 579 2748 delebis,
609 2699 691 2754 qaam
703 2677 810 2756 fortem
828 2681 967 2737 inimicum
989 2680 1036 2737 ille

137 2765 260 2830 expertus
273 2765 325 2812 est.
359 2755 409 2812 Ea
422 2767 512 2815 cutem
525 2777 600 2834 rogo,
614 2768 646 2814 ut
659 2758 692 2814 dc
702 2759 750 2815 lis
763 2758 853 2829 rebus,
866 2779 937 2835 ques
950 2769 1037 2817 tecum

138 2833 248 2909 colloqui
257 2832 327 2903 volo,
341 2854 445 2891 annum
456 2837 524 2893 milti
534 2838 663 2914 temporis
673 2837 731 2906 dea,
745 2857 826 2913 eoque
839 2847 981 2895 transacto
999 2836 1038 2893 ed
1134 2903 1137 2908 1

139 2913 264 2969 tevenire
273 2913 407 2989 potiaris.

173 2989 211 3048 X.
234 2989 332 3067 Hujus
345 3008 398 3047 rex
409 2991 496 3049 animi
504 2993 729 3068 magnitudinem
740 2992 893 3061 admirans,
903 2991 1038 3066 cupiens·
1060 2998 1074 3049 l

140 3085 188 3140 que
199 3069 289 3125 talem
298 3069 390 3125 virum
401 3069 457 3126 sibi
470 3071 630 3141 conciliari,
638 3071 752 3127 veniam
764 3069 852 3126 dedit.
888 3069 943 3128 Ille
952 3088 1037 3130 omne

140 3144 204 3204 illud
217 3157 332 3222 tempus
343 3147 447 3204 litteris
462 3149 643 3223 sermonique
659 3149 813 3206 Persarum
824 3147 919 3208 dedit:
935 3151 1037 3225 quibus

141 3225 207 3282 adeo
236 3225 364 3282 eruditus
390 3237 444 3297 est,
465 3237 496 3284 11
518 3229 607 3285 multo
630 3226 806 3284 commodius
830 3227 942 3286 dicatur
963 3231 1038 3306 apud

142 3317 234 3378 regem
247 3305 338 3360 rerba
357 3304 477 3375 secisse,
491 3325 576 3380 quam
589 3305 621 3362 hi
640 3315 780 3381 poterant,
794 3307 843 3380 qui
863 3307 894 3366 in
915 3308 1037 3366 Perside

143 3392 215 3439 crant
227 3381 298 3440 nati.
333 3382 392 3440 Hic
403 3402 489 3458 quum
499 3385 587 3441 multa
599 3383 662 3460 regi
677 3393 758 3442 esset
771 3386 926 3460 pollicitus,
937 3387 1038 3462 gratis·
1058 3391 1086 3461 2Ἰ

144 3457 295 3536 simumque
307 3458 387 3530 illud,
399 3462 425 3518 si
436 3462 497 3520 suis
507 3463 550 3519 uti
555 3462 689 3525 ,consiliis
698 3463 797 3533 vellet,
805 3464 887 3522 illum
896 3463 1038 3522 Greciam

145 3532 212 3596 bello
236 3555 459 3630 oppressurum
487 3540 601 3617 maguis
628 3539 794 3599 muneribus
818 3542 854 3599 ab
878 3542 1038 3599 Artaxerxe

147 3609 302 3677 1111111811
316 3616 418 3676 1111111111
437 3616 530 3689 rediit,
547 3617 779 3693 domiciliumque
801 3617 968 3696 Magnesia
983 3617 1043 3679 sihi
