<?xml version="1.0" encoding="UTF-8"?>
<!DOCTYPE html PUBLIC "-//W3C//DTD XHTML 1.0 Transitional//EN"
    "http://www.w3.org/TR/xhtml1/DTD/xhtml1-transitional.dtd">
<html xmlns="http://www.w3.org/1999/xhtml" xml:lang="en" lang="en">
 <head>
  <title>
</title>
<meta http-equiv="Content-Type" content="text/html;charset=utf-8" />
  <meta name='ocr-system' content='tesseract 3.04.00' />
  <meta name='ocr-capabilities' content='ocr_page ocr_carea ocr_par ocr_line ocrx_word'/>
</head>
<body>
  <div class='ocr_page' id='page_1' title='image "./corneliusneposw06nepogoog_0039.png"; bbox 0 0 2378 4036; ppageno 0'>
   <div class='ocr_carea' id='block_1_1' title="bbox 155 252 823 333">
    <p class='ocr_par' dir='ltr' id='par_1_1' title="bbox 155 252 823 333">
     <span class='ocr_line' id='line_1_1' title="bbox 155 252 823 333; baseline -0.004 -14"><span class='ocrx_word' id='word_1_1' title='bbox 155 260 199 319; x_wconf 82' lang='lat' dir='ltr'>aa</span> <span class='ocrx_word' id='word_1_2' title='bbox 388 253 461 316; x_wconf 83' lang='lat' dir='ltr'>vn.</span> <span class='ocrx_word' id='word_1_3' title='bbox 488 259 518 328; x_wconf 78' lang='lat' dir='ltr'>s,</span> <span class='ocrx_word' id='word_1_4' title='bbox 534 259 564 316; x_wconf 83' lang='lat' dir='ltr'>a.</span> <span class='ocrx_word' id='word_1_5' title='bbox 607 252 823 333; x_wconf 67' lang='lat' dir='ltr'>(remanes.)</span> 
     </span>
    </p>
   </div>
   <div class='ocr_carea' id='block_1_2' title="bbox 114 397 1063 3712">
    <p class='ocr_par' dir='ltr' id='par_1_2' title="bbox 151 397 1055 713">
     <span class='ocr_line' id='line_1_2' title="bbox 152 397 1053 478; baseline -0.002 -18"><span class='ocrx_word' id='word_1_6' title='bbox 152 411 225 472; x_wconf 91' lang='lat' dir='ltr'>runt,</span> <span class='ocrx_word' id='word_1_7' title='bbox 235 400 425 478; x_wconf 79' lang='lat' dir='ltr'>praesidioque</span> <span class='ocrx_word' id='word_1_8' title='bbox 440 399 481 456; x_wconf 95' lang='lat' dir='ltr'>ibi</span> <span class='ocrx_word' id='word_1_9' title='bbox 494 409 633 476; x_wconf 90' lang='lat' dir='ltr'>perpetuo</span> <span class='ocrx_word' id='word_1_10' title='bbox 646 399 741 475; x_wconf 91' lang='lat' dir='ltr'>posito</span> <span class='ocrx_word' id='word_1_11' title='bbox 755 399 786 456; x_wconf 92' lang='lat' dir='ltr'>in</span> <span class='ocrx_word' id='word_1_12' title='bbox 799 397 951 457; x_wconf 78' lang='lat' dir='ltr'><strong>obsidione</strong></span> <span class='ocrx_word' id='word_1_13' title='bbox 971 398 1053 458; x_wconf 76' lang='lat' dir='ltr'>Athe</span> 
     </span>
     <span class='ocr_line' id='line_1_3' title="bbox 152 478 1055 555; baseline -0.002 -16"><span class='ocrx_word' id='word_1_14' title='bbox 152 498 206 539; x_wconf 85' lang='lat' dir='ltr'>nas</span> <span class='ocrx_word' id='word_1_15' title='bbox 230 488 393 537; x_wconf 88' lang='lat' dir='ltr'>tenuerunt.</span> <span class='ocrx_word' id='word_1_16' title='bbox 444 479 586 555; x_wconf 88' lang='lat' dir='ltr'>Ejusdem</span> <span class='ocrx_word' id='word_1_17' title='bbox 613 496 702 553; x_wconf 86' lang='lat' dir='ltr'>opera</span> <span class='ocrx_word' id='word_1_18' title='bbox 728 478 841 536; x_wconf 93' lang='lat' dir='ltr'>Ioniam</span> <span class='ocrx_word' id='word_1_19' title='bbox 867 496 885 534; x_wconf 91' lang='lat' dir='ltr'>a</span> <span class='ocrx_word' id='word_1_20' title='bbox 913 479 1055 537; x_wconf 83' lang='lat' dir='ltr'>societate</span> 
     </span>
     <span class='ocr_line' id='line_1_4' title="bbox 151 556 1055 632; baseline -0.002 -15"><span class='ocrx_word' id='word_1_21' title='bbox 151 569 315 618; x_wconf 64' lang='lat' dir='ltr'>euenerunt</span> <span class='ocrx_word' id='word_1_22' title='bbox 336 556 566 615; x_wconf 82' lang='lat' dir='ltr'><strong>Atheniensium.</strong></span> <span class='ocrx_word' id='word_1_23' title='bbox 608 557 674 623; x_wconf 89' lang='lat' dir='ltr'>Quo</span> <span class='ocrx_word' id='word_1_24' title='bbox 688 556 764 614; x_wconf 85' lang='lat' dir='ltr'>facto</span> <span class='ocrx_word' id='word_1_25' title='bbox 783 557 872 614; x_wconf 88' lang='lat' dir='ltr'>multo</span> <span class='ocrx_word' id='word_1_26' title='bbox 888 558 1055 632; x_wconf 76' lang='lat' dir='ltr'>superiores</span> 
     </span>
     <span class='ocr_line' id='line_1_5' title="bbox 151 638 482 713; baseline -0.003 -18"><span class='ocrx_word' id='word_1_27' title='bbox 151 638 229 695; x_wconf 76' lang='lat' dir='ltr'>bell:</span> <span class='ocrx_word' id='word_1_28' title='bbox 244 656 312 694; x_wconf 89' lang='lat' dir='ltr'>esse</span> <span class='ocrx_word' id='word_1_29' title='bbox 327 646 482 713; x_wconf 77' lang='lat' dir='ltr'>coeperunt.</span> 
     </span>
    </p>

    <p class='ocr_par' dir='ltr' id='par_1_3' title="bbox 118 713 1057 1184">
     <span class='ocr_line' id='line_1_6' title="bbox 118 713 1056 790; baseline -0.004 -14"><span class='ocrx_word' id='word_1_30' title='bbox 118 719 128 776; x_wconf 88' lang='lat'>&#39;.</span> <span class='ocrx_word' id='word_1_31' title='bbox 192 716 229 774; x_wconf 88' lang='lat' dir='ltr'>V.</span> <span class='ocrx_word' id='word_1_32' title='bbox 251 715 355 790; x_wconf 85' lang='lat' dir='ltr'>Neque</span> <span class='ocrx_word' id='word_1_33' title='bbox 369 732 440 771; x_wconf 87' lang='lat' dir='ltr'>vero</span> <span class='ocrx_word' id='word_1_34' title='bbox 461 714 508 771; x_wconf 86' lang='lat' dir='ltr'>his</span> <span class='ocrx_word' id='word_1_35' title='bbox 529 716 616 772; x_wconf 89' lang='lat' dir='ltr'>rebus</span> <span class='ocrx_word' id='word_1_36' title='bbox 636 725 696 771; x_wconf 94' lang='lat' dir='ltr'>tam</span> <span class='ocrx_word' id='word_1_37' title='bbox 710 713 796 772; x_wconf 91' lang='lat' dir='ltr'>amici</span> <span class='ocrx_word' id='word_1_38' title='bbox 821 713 968 773; x_wconf 85' lang='lat' dir='ltr'>Alcibiadi</span> <span class='ocrx_word' id='word_1_39' title='bbox 990 726 1056 773; x_wconf 91' lang='lat' dir='ltr'>sunt</span> 
     </span>
     <span class='ocr_line' id='line_1_7' title="bbox 152 792 1056 868; baseline -0.001 -16"><span class='ocrx_word' id='word_1_40' title='bbox 152 793 230 865; x_wconf 83' lang='lat' dir='ltr'>fact&#39;,</span> <span class='ocrx_word' id='word_1_41' title='bbox 243 813 328 868; x_wconf 91' lang='lat' dir='ltr'>quam</span> <span class='ocrx_word' id='word_1_42' title='bbox 340 793 442 850; x_wconf 89' lang='lat' dir='ltr'>timore</span> <span class='ocrx_word' id='word_1_43' title='bbox 457 795 492 850; x_wconf 91' lang='lat' dir='ltr'>ab</span> <span class='ocrx_word' id='word_1_44' title='bbox 507 811 543 850; x_wconf 91' lang='lat' dir='ltr'>eo</span> <span class='ocrx_word' id='word_1_45' title='bbox 557 792 684 850; x_wconf 76' lang='lat' dir='ltr'>abeunti.</span> <span class='ocrx_word' id='word_1_46' title='bbox 725 793 803 850; x_wconf 90' lang='lat' dir='ltr'>Nam</span> <span class='ocrx_word' id='word_1_47' title='bbox 816 812 901 868; x_wconf 91' lang='lat' dir='ltr'>quum</span> <span class='ocrx_word' id='word_1_48' title='bbox 922 794 1056 852; x_wconf 77' lang='lat' dir='ltr'>acerrimi</span> 
     </span>
     <span class='ocr_line' id='line_1_8' title="bbox 152 871 1056 948; baseline 0 -18"><span class='ocrx_word' id='word_1_49' title='bbox 152 872 206 930; x_wconf 82' lang='lat' dir='ltr'>riri</span> <span class='ocrx_word' id='word_1_50' title='bbox 228 883 411 948; x_wconf 70' lang='lat' dir='ltr'>prestantem</span> <span class='ocrx_word' id='word_1_51' title='bbox 430 871 611 948; x_wconf 85' lang='lat' dir='ltr'>prudentiam</span> <span class='ocrx_word' id='word_1_52' title='bbox 632 871 663 928; x_wconf 91' lang='lat' dir='ltr'>in</span> <span class='ocrx_word' id='word_1_53' title='bbox 681 872 812 929; x_wconf 88' lang='lat' dir='ltr'>omnibus</span> <span class='ocrx_word' id='word_1_54' title='bbox 831 873 917 928; x_wconf 87' lang='lat' dir='ltr'>rebus</span> <span class='ocrx_word' id='word_1_55' title='bbox 932 891 1056 948; x_wconf 64' lang='lat' dir='ltr'>cognos-</span> 
     </span>
     <span class='ocr_line' id='line_1_9' title="bbox 150 950 1057 1028; baseline 0 -19"><span class='ocrx_word' id='word_1_56' title='bbox 150 962 261 1021; x_wconf 89' lang='lat' dir='ltr'>cerent,</span> <span class='ocrx_word' id='word_1_57' title='bbox 272 951 486 1028; x_wconf 89' lang='lat' dir='ltr'>pertimuerunt,</span> <span class='ocrx_word' id='word_1_58' title='bbox 495 970 532 1008; x_wconf 91' lang='lat' dir='ltr'>ne</span> <span class='ocrx_word' id='word_1_59' title='bbox 547 950 665 1006; x_wconf 91' lang='lat' dir='ltr'>caritate</span> <span class='ocrx_word' id='word_1_60' title='bbox 679 950 889 1025; x_wconf 85' lang='lat' dir='ltr'>patriaeductus</span> <span class='ocrx_word' id='word_1_61' title='bbox 903 950 1057 1025; x_wconf 87' lang='lat' dir='ltr'>aliquando</span> 
     </span>
     <span class='ocr_line' id='line_1_10' title="bbox 152 1028 1055 1105; baseline 0.001 -18"><span class='ocrx_word' id='word_1_62' title='bbox 152 1031 188 1087; x_wconf 90' lang='lat' dir='ltr'>ab</span> <span class='ocrx_word' id='word_1_63' title='bbox 215 1030 288 1105; x_wconf 93' lang='lat' dir='ltr'>ipsis</span> <span class='ocrx_word' id='word_1_64' title='bbox 310 1029 500 1098; x_wconf 81' lang='lat' dir='ltr'>descisceret,</span> <span class='ocrx_word' id='word_1_65' title='bbox 524 1039 554 1086; x_wconf 92' lang='lat' dir='ltr'>et</span> <span class='ocrx_word' id='word_1_66' title='bbox 576 1047 642 1086; x_wconf 91' lang='lat' dir='ltr'>cum</span> <span class='ocrx_word' id='word_1_67' title='bbox 663 1029 724 1085; x_wconf 90' lang='lat' dir='ltr'>suis</span> <span class='ocrx_word' id='word_1_68' title='bbox 745 1028 776 1086; x_wconf 90' lang='lat' dir='ltr'>in</span> <span class='ocrx_word' id='word_1_69' title='bbox 797 1029 917 1104; x_wconf 82' lang='lat' dir='ltr'>gratiam</span> <span class='ocrx_word' id='word_1_70' title='bbox 936 1029 1055 1088; x_wconf 83' lang='lat' dir='ltr'>rediret.</span> 
     </span>
     <span class='ocr_line' id='line_1_11' title="bbox 152 1107 1055 1184; baseline -0.002 -16"><span class='ocrx_word' id='word_1_71' title='bbox 152 1109 251 1184; x_wconf 88' lang='lat' dir='ltr'>Itaque</span> <span class='ocrx_word' id='word_1_72' title='bbox 276 1120 388 1184; x_wconf 87' lang='lat' dir='ltr'>tempus</span> <span class='ocrx_word' id='word_1_73' title='bbox 412 1109 474 1184; x_wconf 91' lang='lat' dir='ltr'>ejus</span> <span class='ocrx_word' id='word_1_74' title='bbox 499 1107 691 1164; x_wconf 90' lang='lat' dir='ltr'>interficiendi</span> <span class='ocrx_word' id='word_1_75' title='bbox 714 1126 841 1182; x_wconf 78' lang='lat' dir='ltr'>quarere</span> <span class='ocrx_word' id='word_1_76' title='bbox 862 1108 1055 1166; x_wconf 88' lang='lat' dir='ltr'>instituerunt.</span> 
     </span>
    </p>

    <p class='ocr_par' dir='ltr' id='par_1_4' title="bbox 114 1185 1056 1419">
     <span class='ocr_line' id='line_1_12' title="bbox 114 1185 1056 1262; baseline -0.001 -16"><span class='ocrx_word' id='word_1_77' title='bbox 114 1189 188 1246; x_wconf 82' lang='lat' dir='ltr'>2Id</span> <span class='ocrx_word' id='word_1_78' title='bbox 214 1187 357 1246; x_wconf 86' lang='lat' dir='ltr'>Alcibiadi</span> <span class='ocrx_word' id='word_1_79' title='bbox 379 1187 485 1244; x_wconf 88' lang='lat' dir='ltr'>diutius</span> <span class='ocrx_word' id='word_1_80' title='bbox 508 1185 679 1245; x_wconf 88' lang='lat' dir='ltr'>celari.non</span> <span class='ocrx_word' id='word_1_81' title='bbox 699 1185 807 1262; x_wconf 91' lang='lat' dir='ltr'>potuit:</span> <span class='ocrx_word' id='word_1_82' title='bbox 840 1187 999 1244; x_wconf 87' lang='lat' dir='ltr'>eratenim</span> <span class='ocrx_word' id='word_1_83' title='bbox 1021 1207 1056 1245; x_wconf 91' lang='lat' dir='ltr'>ea</span> 
     </span>
     <span class='ocr_line' id='line_1_13' title="bbox 153 1264 1056 1342; baseline -0.001 -18"><span class='ocrx_word' id='word_1_84' title='bbox 153 1267 361 1342; x_wconf 69' lang='lat' dir='ltr'>sagacitatem</span> <span class='ocrx_word' id='word_1_85' title='bbox 371 1265 469 1340; x_wconf 88' lang='lat' dir='ltr'>decipi</span> <span class='ocrx_word' id='word_1_86' title='bbox 479 1283 537 1322; x_wconf 91' lang='lat' dir='ltr'>non</span> <span class='ocrx_word' id='word_1_87' title='bbox 547 1274 656 1339; x_wconf 92' lang='lat' dir='ltr'>posset,</span> <span class='ocrx_word' id='word_1_88' title='bbox 665 1264 824 1339; x_wconf 84' lang='lat' dir='ltr'>praesertim</span> <span class='ocrx_word' id='word_1_89' title='bbox 852 1284 920 1322; x_wconf 90' lang='lat' dir='ltr'>uum</span> <span class='ocrx_word' id='word_1_90' title='bbox 931 1266 1056 1323; x_wconf 90' lang='lat' dir='ltr'>animum</span> 
     </span>
     <span class='ocr_line' id='line_1_14' title="bbox 153 1343 1055 1419; baseline 0 -17"><span class='ocrx_word' id='word_1_91' title='bbox 153 1345 325 1402; x_wconf 88' lang='lat' dir='ltr'>attendisset</span> <span class='ocrx_word' id='word_1_92' title='bbox 348 1344 384 1400; x_wconf 93' lang='lat' dir='ltr'>ad</span> <span class='ocrx_word' id='word_1_93' title='bbox 407 1344 575 1401; x_wconf 86' lang='lat' dir='ltr'>cavendum.</span> <span class='ocrx_word' id='word_1_94' title='bbox 630 1343 730 1417; x_wconf 89' lang='lat' dir='ltr'>ltaque</span> <span class='ocrx_word' id='word_1_95' title='bbox 756 1343 792 1400; x_wconf 92' lang='lat' dir='ltr'>ad</span> <span class='ocrx_word' id='word_1_96' title='bbox 844 1343 1055 1419; x_wconf 89' lang='lat' dir='ltr'>1ssaphemem,</span> 
     </span>
    </p>

    <p class='ocr_par' dir='ltr' id='par_1_5' title="bbox 114 1421 1056 1971">
     <span class='ocr_line' id='line_1_15' title="bbox 114 1421 1056 1499; baseline -0.001 -18"><span class='ocrx_word' id='word_1_97' title='bbox 114 1428 132 1481; x_wconf 86' lang='grc'><strong>3</strong></span> <span class='ocrx_word' id='word_1_98' title='bbox 152 1423 318 1498; x_wconf 78' lang='lat' dir='ltr'>praefectum</span> <span class='ocrx_word' id='word_1_99' title='bbox 340 1422 419 1498; x_wconf 84' lang='lat' dir='ltr'>regis</span> <span class='ocrx_word' id='word_1_100' title='bbox 445 1421 537 1493; x_wconf 89' lang='lat' dir='ltr'>Darii,</span> <span class='ocrx_word' id='word_1_101' title='bbox 559 1441 592 1479; x_wconf 89' lang='lat' dir='ltr'>se</span> <span class='ocrx_word' id='word_1_102' title='bbox 617 1421 746 1480; x_wconf 88' lang='lat' dir='ltr'>contulit.</span> <span class='ocrx_word' id='word_1_103' title='bbox 798 1423 889 1499; x_wconf 85' lang='lat' dir='ltr'>Cujus</span> <span class='ocrx_word' id='word_1_104' title='bbox 913 1443 1000 1498; x_wconf 91' lang='lat' dir='ltr'>quum</span> <span class='ocrx_word' id='word_1_105' title='bbox 1026 1423 1056 1480; x_wconf 94' lang='lat' dir='ltr'>in</span> 
     </span>
     <span class='ocr_line' id='line_1_16' title="bbox 152 1501 1055 1576; baseline 0.001 -17"><span class='ocrx_word' id='word_1_106' title='bbox 152 1503 282 1559; x_wconf 87' lang='lat' dir='ltr'>intimam</span> <span class='ocrx_word' id='word_1_107' title='bbox 296 1501 452 1558; x_wconf 88' lang='lat' dir='ltr'>amicitiam</span> <span class='ocrx_word' id='word_1_108' title='bbox 471 1501 663 1576; x_wconf 83' lang='lat' dir='ltr'>pervenisset,</span> <span class='ocrx_word' id='word_1_109' title='bbox 678 1511 708 1558; x_wconf 92' lang='lat' dir='ltr'>et</span> <span class='ocrx_word' id='word_1_110' title='bbox 727 1501 959 1573; x_wconf 89' lang='lat' dir='ltr'>Atheniensium,</span> <span class='ocrx_word' id='word_1_111' title='bbox 980 1504 1055 1560; x_wconf 89' lang='lat' dir='ltr'>male</span> 
     </span>
     <span class='ocr_line' id='line_1_17' title="bbox 154 1579 1056 1661; baseline 0.001 -23"><span class='ocrx_word' id='word_1_112' title='bbox 154 1582 245 1661; x_wconf 82' lang='lat' dir='ltr'>gestis</span> <span class='ocrx_word' id='word_1_113' title='bbox 259 1581 289 1638; x_wconf 91' lang='lat' dir='ltr'>in</span> <span class='ocrx_word' id='word_1_114' title='bbox 305 1579 408 1637; x_wconf 87' lang='lat' dir='ltr'>Sicilia</span> <span class='ocrx_word' id='word_1_115' title='bbox 422 1582 518 1649; x_wconf 87' lang='lat' dir='ltr'>rebus,</span> <span class='ocrx_word' id='word_1_116' title='bbox 532 1598 603 1655; x_wconf 88' lang='lat' dir='ltr'>opes</span> <span class='ocrx_word' id='word_1_117' title='bbox 619 1598 786 1648; x_wconf 88' lang='lat' dir='ltr'>senescere,</span> <span class='ocrx_word' id='word_1_118' title='bbox 801 1591 900 1637; x_wconf 88' lang='lat' dir='ltr'>contra</span> <span class='ocrx_word' id='word_1_119' title='bbox 920 1581 1056 1639; x_wconf 82' lang='lat' dir='ltr'>Lacedae·</span> 
     </span>
     <span class='ocr_line' id='line_1_18' title="bbox 152 1657 1056 1735; baseline -0.001 -17"><span class='ocrx_word' id='word_1_120' title='bbox 152 1661 312 1718; x_wconf 87' lang='lat' dir='ltr'>moniorum</span> <span class='ocrx_word' id='word_1_121' title='bbox 326 1678 460 1716; x_wconf 88' lang='lat' dir='ltr'>crescere</span> <span class='ocrx_word' id='word_1_122' title='bbox 475 1659 603 1716; x_wconf 88' lang='lat' dir='ltr'>videret:</span> <span class='ocrx_word' id='word_1_123' title='bbox 632 1657 714 1714; x_wconf 92' lang='lat' dir='ltr'>initio</span> <span class='ocrx_word' id='word_1_124' title='bbox 736 1677 802 1715; x_wconf 90' lang='lat' dir='ltr'>cum</span> <span class='ocrx_word' id='word_1_125' title='bbox 823 1659 965 1717; x_wconf 85' lang='lat' dir='ltr'>Pisandro</span> <span class='ocrx_word' id='word_1_126' title='bbox 986 1679 1056 1735; x_wconf 77' lang='lat' dir='ltr'>prte-</span> 
     </span>
     <span class='ocr_line' id='line_1_19' title="bbox 153 1736 1056 1814; baseline 0 -18"><span class='ocrx_word' id='word_1_127' title='bbox 153 1750 224 1810; x_wconf 91' lang='lat' dir='ltr'>tore,</span> <span class='ocrx_word' id='word_1_128' title='bbox 238 1739 286 1814; x_wconf 88' lang='lat' dir='ltr'>qui</span> <span class='ocrx_word' id='word_1_129' title='bbox 301 1738 376 1814; x_wconf 91' lang='lat' dir='ltr'>apud</span> <span class='ocrx_word' id='word_1_130' title='bbox 392 1739 510 1794; x_wconf 87' lang='lat' dir='ltr'>Samum</span> <span class='ocrx_word' id='word_1_131' title='bbox 524 1737 684 1794; x_wconf 86' lang='lat' dir='ltr'>exercitum</span> <span class='ocrx_word' id='word_1_132' title='bbox 697 1736 829 1808; x_wconf 90' lang='lat' dir='ltr'>habebat,</span> <span class='ocrx_word' id='word_1_133' title='bbox 843 1757 896 1813; x_wconf 89' lang='lat' dir='ltr'>per</span> <span class='ocrx_word' id='word_1_134' title='bbox 909 1738 1056 1796; x_wconf 89' lang='lat' dir='ltr'>intemun·</span> 
     </span>
     <span class='ocr_line' id='line_1_20' title="bbox 153 1815 1056 1892; baseline -0.001 -17"><span class='ocrx_word' id='word_1_135' title='bbox 153 1819 209 1876; x_wconf 92' lang='lat' dir='ltr'>tios</span> <span class='ocrx_word' id='word_1_136' title='bbox 224 1818 401 1892; x_wconf 87' lang='lat' dir='ltr'>colloquitur,</span> <span class='ocrx_word' id='word_1_137' title='bbox 413 1827 443 1874; x_wconf 90' lang='lat' dir='ltr'>et</span> <span class='ocrx_word' id='word_1_138' title='bbox 455 1817 492 1874; x_wconf 90' lang='lat' dir='ltr'>de</span> <span class='ocrx_word' id='word_1_139' title='bbox 506 1817 600 1874; x_wconf 88' lang='lat' dir='ltr'>reditu</span> <span class='ocrx_word' id='word_1_140' title='bbox 613 1834 666 1872; x_wconf 92' lang='lat' dir='ltr'>suo</span> <span class='ocrx_word' id='word_1_141' title='bbox 680 1815 749 1872; x_wconf 87' lang='lat' dir='ltr'>facit</span> <span class='ocrx_word' id='word_1_142' title='bbox 759 1817 944 1874; x_wconf 89' lang='lat' dir='ltr'>mentionem.</span> <span class='ocrx_word' id='word_1_143' title='bbox 986 1818 1056 1875; x_wconf 86' lang='lat' dir='ltr'>Erat</span> 
     </span>
     <span class='ocr_line' id='line_1_21' title="bbox 154 1895 1055 1971; baseline -0.006 -12"><span class='ocrx_word' id='word_1_144' title='bbox 154 1897 233 1959; x_wconf 79' lang='lat' dir='ltr'>enim</span> <span class='ocrx_word' id='word_1_145' title='bbox 247 1897 359 1967; x_wconf 89' lang='lat' dir='ltr'>codem,</span> <span class='ocrx_word' id='word_1_146' title='bbox 368 1915 424 1971; x_wconf 94' lang='lat' dir='ltr'>quo</span> <span class='ocrx_word' id='word_1_147' title='bbox 439 1895 617 1965; x_wconf 86' lang='lat' dir='ltr'>Alcibiades,</span> <span class='ocrx_word' id='word_1_148' title='bbox 626 1913 725 1964; x_wconf 87' lang='lat' dir='ltr'>sensu,</span> <span class='ocrx_word' id='word_1_149' title='bbox 739 1895 838 1970; x_wconf 92' lang='lat' dir='ltr'>populi</span> <span class='ocrx_word' id='word_1_150' title='bbox 851 1896 988 1970; x_wconf 84' lang='lat' dir='ltr'>potentiae</span> <span class='ocrx_word' id='word_1_151' title='bbox 998 1914 1055 1954; x_wconf 90' lang='lat' dir='ltr'>non</span> 
     </span>
    </p>

    <p class='ocr_par' dir='ltr' id='par_1_6' title="bbox 115 1973 1057 2287">
     <span class='ocr_line' id='line_1_22' title="bbox 115 1973 1056 2050; baseline -0.002 -16"><span class='ocrx_word' id='word_1_152' title='bbox 115 1981 133 2034; x_wconf 84' lang='lat'>4</span> <span class='ocrx_word' id='word_1_153' title='bbox 154 1977 273 2046; x_wconf 91' lang='lat' dir='ltr'>amicus,</span> <span class='ocrx_word' id='word_1_154' title='bbox 289 1989 318 2032; x_wconf 88' lang='lat' dir='ltr'>et</span> <span class='ocrx_word' id='word_1_155' title='bbox 331 1976 497 2050; x_wconf 92' lang='lat' dir='ltr'>optimatum</span> <span class='ocrx_word' id='word_1_156' title='bbox 508 1974 608 2031; x_wconf 87' lang='lat' dir='ltr'>fautor.</span> <span class='ocrx_word' id='word_1_157' title='bbox 644 1975 688 2030; x_wconf 93' lang='lat' dir='ltr'>Ab</span> <span class='ocrx_word' id='word_1_158' title='bbox 702 1973 759 2030; x_wconf 92' lang='lat' dir='ltr'>hoc</span> <span class='ocrx_word' id='word_1_159' title='bbox 771 1974 923 2031; x_wconf 89' lang='lat' dir='ltr'>destitutus</span> <span class='ocrx_word' id='word_1_160' title='bbox 935 1975 1056 2049; x_wconf 88' lang='lat' dir='ltr'>primum</span> 
     </span>
     <span class='ocr_line' id='line_1_23' title="bbox 153 2051 1056 2130; baseline -0.001 -19"><span class='ocrx_word' id='word_1_161' title='bbox 153 2074 206 2130; x_wconf 89' lang='lat' dir='ltr'>per</span> <span class='ocrx_word' id='word_1_162' title='bbox 230 2054 452 2128; x_wconf 78' lang='lat' dir='ltr'>Thrasybulum,</span> <span class='ocrx_word' id='word_1_163' title='bbox 478 2052 554 2127; x_wconf 92' lang='lat' dir='ltr'>Lyci</span> <span class='ocrx_word' id='word_1_164' title='bbox 577 2051 676 2121; x_wconf 88' lang='lat' dir='ltr'>filium,</span> <span class='ocrx_word' id='word_1_165' title='bbox 702 2055 737 2108; x_wconf 89' lang='lat' dir='ltr'>ab</span> <span class='ocrx_word' id='word_1_166' title='bbox 756 2052 886 2110; x_wconf 85' lang='lat' dir='ltr'>exercitu</span> <span class='ocrx_word' id='word_1_167' title='bbox 909 2053 1056 2128; x_wconf 88' lang='lat' dir='ltr'>recipitur,</span> 
     </span>
     <span class='ocr_line' id='line_1_24' title="bbox 152 2130 1057 2208; baseline 0.001 -20"><span class='ocrx_word' id='word_1_168' title='bbox 152 2142 309 2208; x_wconf 75' lang='lat' dir='ltr'>praetorque</span> <span class='ocrx_word' id='word_1_169' title='bbox 334 2132 365 2186; x_wconf 86' lang='lat' dir='ltr'>fit</span> <span class='ocrx_word' id='word_1_170' title='bbox 387 2130 462 2204; x_wconf 90' lang='lat' dir='ltr'>apud</span> <span class='ocrx_word' id='word_1_171' title='bbox 487 2131 621 2187; x_wconf 90' lang='lat' dir='ltr'>Samum:</span> <span class='ocrx_word' id='word_1_172' title='bbox 651 2142 725 2204; x_wconf 90' lang='lat' dir='ltr'>post,</span> <span class='ocrx_word' id='word_1_173' title='bbox 747 2132 920 2207; x_wconf 82' lang='lat' dir='ltr'>suffragante</span> <span class='ocrx_word' id='word_1_174' title='bbox 945 2132 1057 2190; x_wconf 90' lang='lat' dir='ltr'>Thera-</span> 
     </span>
     <span class='ocr_line' id='line_1_25' title="bbox 153 2208 1057 2287; baseline 0.001 -20"><span class='ocrx_word' id='word_1_175' title='bbox 153 2213 248 2279; x_wconf 73' lang='lat' dir='ltr'>mene,</span> <span class='ocrx_word' id='word_1_176' title='bbox 271 2208 445 2284; x_wconf 90' lang='lat' dir='ltr'>populiscito</span> <span class='ocrx_word' id='word_1_177' title='bbox 472 2208 637 2278; x_wconf 86' lang='lat' dir='ltr'>restituitur,</span> <span class='ocrx_word' id='word_1_178' title='bbox 666 2209 783 2284; x_wconf 88' lang='lat' dir='ltr'>parique</span> <span class='ocrx_word' id='word_1_179' title='bbox 805 2211 911 2267; x_wconf 88' lang='lat' dir='ltr'>absens</span> <span class='ocrx_word' id='word_1_180' title='bbox 936 2210 1057 2287; x_wconf 89' lang='lat' dir='ltr'>imperio</span> 
     </span>
    </p>

    <p class='ocr_par' dir='ltr' id='par_1_7' title="bbox 115 2286 1063 2761">
     <span class='ocr_line' id='line_1_26' title="bbox 115 2286 1057 2364; baseline -0.001 -16"><span class='ocrx_word' id='word_1_181' title='bbox 115 2295 132 2348; x_wconf 84' lang='lat'><strong>5</strong></span> <span class='ocrx_word' id='word_1_182' title='bbox 153 2287 307 2364; x_wconf 84' lang='lat' dir='ltr'>praeficitur</span> <span class='ocrx_word' id='word_1_183' title='bbox 317 2286 403 2343; x_wconf 90' lang='lat' dir='ltr'>simul</span> <span class='ocrx_word' id='word_1_184' title='bbox 414 2305 480 2342; x_wconf 92' lang='lat' dir='ltr'>cum</span> <span class='ocrx_word' id='word_1_185' title='bbox 494 2286 678 2362; x_wconf 77' lang='lat' dir='ltr'>Thrasybulo</span> <span class='ocrx_word' id='word_1_186' title='bbox 690 2299 719 2345; x_wconf 93' lang='lat' dir='ltr'>et</span> <span class='ocrx_word' id='word_1_187' title='bbox 729 2288 922 2346; x_wconf 73' lang='lat' dir='ltr'>Theramene.</span> <span class='ocrx_word' id='word_1_188' title='bbox 946 2289 1057 2347; x_wconf 91' lang='lat' dir='ltr'>Horum</span> 
     </span>
     <span class='ocr_line' id='line_1_27' title="bbox 153 2365 1057 2439; baseline 0.002 -16"><span class='ocrx_word' id='word_1_189' title='bbox 153 2365 320 2439; x_wconf 84' lang='lat' dir='ltr'>inimperio</span> <span class='ocrx_word' id='word_1_190' title='bbox 342 2377 420 2422; x_wconf 89' lang='lat' dir='ltr'>tanta</span> <span class='ocrx_word' id='word_1_191' title='bbox 434 2367 616 2422; x_wconf 90' lang='lat' dir='ltr'>commutatio</span> <span class='ocrx_word' id='word_1_192' title='bbox 630 2385 725 2423; x_wconf 88' lang='lat' dir='ltr'>rerum</span> <span class='ocrx_word' id='word_1_193' title='bbox 748 2367 825 2424; x_wconf 88' lang='lat' dir='ltr'>facta</span> <span class='ocrx_word' id='word_1_194' title='bbox 845 2380 899 2437; x_wconf 90' lang='lat' dir='ltr'>est,</span> <span class='ocrx_word' id='word_1_195' title='bbox 912 2378 943 2424; x_wconf 91' lang='lat' dir='ltr'>ut</span> <span class='ocrx_word' id='word_1_196' title='bbox 965 2368 1057 2425; x_wconf 88' lang='lat' dir='ltr'>Lace·</span> 
     </span>
     <span class='ocr_line' id='line_1_28' title="bbox 154 2443 1063 2534; baseline -0.002 -32"><span class='ocrx_word' id='word_1_197' title='bbox 154 2443 295 2513; x_wconf 69' lang='lat' dir='ltr'>daemonii,</span> <span class='ocrx_word' id='word_1_198' title='bbox 317 2443 365 2518; x_wconf 92' lang='lat' dir='ltr'>qui</span> <span class='ocrx_word' id='word_1_199' title='bbox 388 2444 485 2519; x_wconf 91' lang='lat' dir='ltr'>paullo</span> <span class='ocrx_word' id='word_1_200' title='bbox 507 2454 572 2500; x_wconf 91' lang='lat' dir='ltr'>aute</span> <span class='ocrx_word' id='word_1_201' title='bbox 587 2444 712 2501; x_wconf 88' lang='lat' dir='ltr'>victores</span> <span class='ocrx_word' id='word_1_202' title='bbox 733 2445 890 2534; x_wconf 80' lang='lat' dir='ltr'>viguerant,</span> <span class='ocrx_word' id='word_1_203' title='bbox 915 2447 1063 2521; x_wconf 88' lang='lat' dir='ltr'>perterriti.</span> 
     </span>
     <span class='ocr_line' id='line_1_29' title="bbox 153 2523 1057 2599; baseline 0.001 -19"><span class='ocrx_word' id='word_1_204' title='bbox 153 2541 256 2599; x_wconf 89' lang='lat' dir='ltr'>pacem</span> <span class='ocrx_word' id='word_1_205' title='bbox 269 2533 410 2597; x_wconf 87' lang='lat' dir='ltr'>peterent.</span> <span class='ocrx_word' id='word_1_206' title='bbox 453 2523 532 2580; x_wconf 85' lang='lat' dir='ltr'>Victi</span> <span class='ocrx_word' id='word_1_207' title='bbox 546 2523 624 2580; x_wconf 90' lang='lat' dir='ltr'>enim</span> <span class='ocrx_word' id='word_1_208' title='bbox 638 2534 719 2580; x_wconf 90' lang='lat' dir='ltr'>erant</span> <span class='ocrx_word' id='word_1_209' title='bbox 732 2542 857 2598; x_wconf 90' lang='lat' dir='ltr'>qumque</span> <span class='ocrx_word' id='word_1_210' title='bbox 876 2525 988 2599; x_wconf 78' lang='lat' dir='ltr'>proeliis</span> <span class='ocrx_word' id='word_1_211' title='bbox 1002 2536 1057 2582; x_wconf 91' lang='lat' dir='ltr'>ter·</span> 
     </span>
     <span class='ocr_line' id='line_1_30' title="bbox 153 2601 1057 2675; baseline 0.002 -17"><span class='ocrx_word' id='word_1_212' title='bbox 153 2601 301 2672; x_wconf 83' lang='lat' dir='ltr'>rostribus,</span> <span class='ocrx_word' id='word_1_213' title='bbox 326 2601 415 2659; x_wconf 90' lang='lat' dir='ltr'>tribus</span> <span class='ocrx_word' id='word_1_214' title='bbox 437 2602 596 2671; x_wconf 86' lang='lat' dir='ltr'>navalibus,</span> <span class='ocrx_word' id='word_1_215' title='bbox 621 2602 651 2658; x_wconf 90' lang='lat' dir='ltr'>in</span> <span class='ocrx_word' id='word_1_216' title='bbox 678 2601 784 2675; x_wconf 91' lang='lat' dir='ltr'>quibus·</span> <span class='ocrx_word' id='word_1_217' title='bbox 803 2602 943 2659; x_wconf 86' lang='lat' dir='ltr'>ducentas</span> <span class='ocrx_word' id='word_1_218' title='bbox 967 2622 1057 2660; x_wconf 87' lang='lat' dir='ltr'>naves</span> 
     </span>
     <span class='ocr_line' id='line_1_31' title="bbox 153 2680 1058 2761; baseline 0 -23"><span class='ocrx_word' id='word_1_219' title='bbox 153 2680 285 2738; x_wconf 87' lang='lat' dir='ltr'>triremes</span> <span class='ocrx_word' id='word_1_220' title='bbox 301 2680 464 2750; x_wconf 85' lang='lat' dir='ltr'>amiserant,</span> <span class='ocrx_word' id='word_1_221' title='bbox 478 2699 540 2761; x_wconf 84' lang='lat' dir='ltr'>quae</span> <span class='ocrx_word' id='word_1_222' title='bbox 555 2689 645 2756; x_wconf 86' lang='lat' dir='ltr'>captae</span> <span class='ocrx_word' id='word_1_223' title='bbox 666 2680 696 2737; x_wconf 93' lang='lat' dir='ltr'>in</span> <span class='ocrx_word' id='word_1_224' title='bbox 716 2680 841 2738; x_wconf 91' lang='lat' dir='ltr'>hostium</span> <span class='ocrx_word' id='word_1_225' title='bbox 855 2692 995 2738; x_wconf 86' lang='lat' dir='ltr'>venerant</span> <span class='ocrx_word' id='word_1_226' title='bbox 1008 2699 1058 2757; x_wconf 91' lang='lat' dir='ltr'>po·</span> 
     </span>
    </p>

    <p class='ocr_par' dir='ltr' id='par_1_8' title="bbox 115 2757 1062 3151">
     <span class='ocr_line' id='line_1_32' title="bbox 115 2757 1058 2836; baseline -0.001 -18"><span class='ocrx_word' id='word_1_227' title='bbox 115 2763 133 2818; x_wconf 83' lang='lat'><strong>6</strong></span> <span class='ocrx_word' id='word_1_228' title='bbox 153 2769 297 2818; x_wconf 89' lang='lat' dir='ltr'>testatem.</span> <span class='ocrx_word' id='word_1_229' title='bbox 339 2757 507 2816; x_wconf 87' lang='lat' dir='ltr'>Alcibiades</span> <span class='ocrx_word' id='word_1_230' title='bbox 529 2758 614 2815; x_wconf 92' lang='lat' dir='ltr'>simul</span> <span class='ocrx_word' id='word_1_231' title='bbox 627 2777 694 2815; x_wconf 92' lang='lat' dir='ltr'>cum</span> <span class='ocrx_word' id='word_1_232' title='bbox 708 2758 830 2834; x_wconf 85' lang='lat' dir='ltr'>collegis</span> <span class='ocrx_word' id='word_1_233' title='bbox 846 2772 998 2836; x_wconf 87' lang='lat' dir='ltr'>receperat</span> <span class='ocrx_word' id='word_1_234' title='bbox 1012 2761 1058 2818; x_wconf 90' lang='lat' dir='ltr'>Io·</span> 
     </span>
     <span class='ocr_line' id='line_1_33' title="bbox 153 2837 1058 2913; baseline -0.003 -16"><span class='ocrx_word' id='word_1_235' title='bbox 153 2839 241 2909; x_wconf 89' lang='lat' dir='ltr'>niam,</span> <span class='ocrx_word' id='word_1_236' title='bbox 266 2839 499 2913; x_wconf 84' lang='lat' dir='ltr'>Hellespontum,</span> <span class='ocrx_word' id='word_1_237' title='bbox 523 2837 627 2895; x_wconf 87' lang='lat' dir='ltr'>multas</span> <span class='ocrx_word' id='word_1_238' title='bbox 652 2847 791 2913; x_wconf 79' lang='lat' dir='ltr'>praterea</span> <span class='ocrx_word' id='word_1_239' title='bbox 813 2838 900 2894; x_wconf 89' lang='lat' dir='ltr'>urbes</span> <span class='ocrx_word' id='word_1_240' title='bbox 929 2837 1058 2908; x_wconf 65' lang='lat' dir='ltr'>Graecas,</span> 
     </span>
     <span class='ocr_line' id='line_1_34' title="bbox 153 2915 1059 2994; baseline -0.003 -18"><span class='ocrx_word' id='word_1_241' title='bbox 153 2937 215 2994; x_wconf 81' lang='lat' dir='ltr'>quse</span> <span class='ocrx_word' id='word_1_242' title='bbox 236 2918 330 2976; x_wconf 88' lang='lat' dir='ltr'>incra</span> <span class='ocrx_word' id='word_1_243' title='bbox 350 2917 493 2975; x_wconf 83' lang='lat' dir='ltr'>sitaesunt</span> <span class='ocrx_word' id='word_1_244' title='bbox 515 2915 603 2985; x_wconf 86' lang='lat' dir='ltr'>Asiae,</span> <span class='ocrx_word' id='word_1_245' title='bbox 618 2933 736 2989; x_wconf 91' lang='lat' dir='ltr'>quarum</span> <span class='ocrx_word' id='word_1_246' title='bbox 760 2927 958 2992; x_wconf 87' lang='lat' dir='ltr'>expugnarant</span> <span class='ocrx_word' id='word_1_247' title='bbox 982 2935 1059 2974; x_wconf 91' lang='lat' dir='ltr'>com·</span> 
     </span>
     <span class='ocr_line' id='line_1_35' title="bbox 153 2994 1062 3073; baseline -0.002 -17"><span class='ocrx_word' id='word_1_248' title='bbox 153 2997 261 3073; x_wconf 90' lang='lat' dir='ltr'>plures,</span> <span class='ocrx_word' id='word_1_249' title='bbox 275 2998 306 3056; x_wconf 93' lang='lat' dir='ltr'>in</span> <span class='ocrx_word' id='word_1_250' title='bbox 325 2997 372 3054; x_wconf 90' lang='lat' dir='ltr'>his</span> <span class='ocrx_word' id='word_1_251' title='bbox 388 2994 573 3071; x_wconf 83' lang='lat' dir='ltr'>Byzantium3</span> <span class='ocrx_word' id='word_1_252' title='bbox 594 3012 689 3068; x_wconf 90' lang='lat' dir='ltr'>neque</span> <span class='ocrx_word' id='word_1_253' title='bbox 703 2994 797 3051; x_wconf 78' lang='lat' dir='ltr'>minua</span> <span class='ocrx_word' id='word_1_254' title='bbox 817 2996 920 3052; x_wconf 88' lang='lat' dir='ltr'>multas</span> <span class='ocrx_word' id='word_1_255' title='bbox 936 2995 1062 3056; x_wconf 71' lang='lat' dir='ltr'>consilio,</span> 
     </span>
     <span class='ocr_line' id='line_1_36' title="bbox 154 3072 1060 3151; baseline -0.003 -18"><span class='ocrx_word' id='word_1_256' title='bbox 154 3077 191 3133; x_wconf 90' lang='lat' dir='ltr'>ad</span> <span class='ocrx_word' id='word_1_257' title='bbox 218 3077 373 3134; x_wconf 90' lang='lat' dir='ltr'>amicitiam</span> <span class='ocrx_word' id='word_1_258' title='bbox 398 3075 594 3151; x_wconf 87' lang='lat' dir='ltr'>adjunxerant,</span> <span class='ocrx_word' id='word_1_259' title='bbox 619 3072 694 3146; x_wconf 93' lang='lat' dir='ltr'>quod</span> <span class='ocrx_word' id='word_1_260' title='bbox 722 3073 752 3130; x_wconf 92' lang='lat' dir='ltr'>in</span> <span class='ocrx_word' id='word_1_261' title='bbox 780 3085 879 3150; x_wconf 89' lang='lat' dir='ltr'>captos</span> <span class='ocrx_word' id='word_1_262' title='bbox 905 3074 1060 3131; x_wconf 90' lang='lat' dir='ltr'>clementia</span> 
     </span>
    </p>

    <p class='ocr_par' dir='ltr' id='par_1_9' title="bbox 115 3151 1060 3307">
     <span class='ocr_line' id='line_1_37' title="bbox 115 3151 1060 3228; baseline -0.003 -16"><span class='ocrx_word' id='word_1_263' title='bbox 115 3159 134 3212; x_wconf 87' lang='grc'><strong>7</strong></span> <span class='ocrx_word' id='word_1_264' title='bbox 154 3153 266 3211; x_wconf 84' lang='lat' dir='ltr'>fuerant</span> <span class='ocrx_word' id='word_1_265' title='bbox 288 3155 344 3211; x_wconf 92' lang='lat' dir='ltr'>usi.</span> <span class='ocrx_word' id='word_1_266' title='bbox 400 3154 444 3210; x_wconf 88' lang='lat' dir='ltr'>Ita</span> <span class='ocrx_word' id='word_1_267' title='bbox 467 3152 564 3228; x_wconf 84' lang='lat' dir='ltr'>praeda</span> <span class='ocrx_word' id='word_1_268' title='bbox 584 3151 689 3220; x_wconf 86' lang='lat' dir='ltr'>onusti,</span> <span class='ocrx_word' id='word_1_269' title='bbox 715 3152 891 3226; x_wconf 88' lang='lat' dir='ltr'>locupletato</span> <span class='ocrx_word' id='word_1_270' title='bbox 920 3153 1060 3221; x_wconf 86' lang='lat' dir='ltr'>exercitu,</span> 
     </span>
     <span class='ocr_line' id='line_1_38' title="bbox 154 3229 809 3307; baseline -0.003 -19"><span class='ocrx_word' id='word_1_271' title='bbox 154 3231 287 3289; x_wconf 88' lang='lat' dir='ltr'>maximis</span> <span class='ocrx_word' id='word_1_272' title='bbox 301 3233 386 3289; x_wconf 88' lang='lat' dir='ltr'>rebus</span> <span class='ocrx_word' id='word_1_273' title='bbox 401 3232 502 3307; x_wconf 85' lang='lat' dir='ltr'>gestis,</span> <span class='ocrx_word' id='word_1_274' title='bbox 516 3229 646 3288; x_wconf 88' lang='lat' dir='ltr'>Athenas</span> <span class='ocrx_word' id='word_1_275' title='bbox 661 3241 809 3288; x_wconf 87' lang='lat' dir='ltr'>venerunt.</span> 
     </span>
    </p>

    <p class='ocr_par' dir='ltr' id='par_1_10' title="bbox 118 3308 1060 3542">
     <span class='ocr_line' id='line_1_39' title="bbox 118 3308 1060 3383; baseline -0.003 -16"><span class='ocrx_word' id='word_1_276' title='bbox 118 3314 131 3367; x_wconf 96' lang='lat' dir='ltr'>l</span> <span class='ocrx_word' id='word_1_277' title='bbox 195 3308 248 3366; x_wconf 87' lang='lat' dir='ltr'>VI.</span> <span class='ocrx_word' id='word_1_278' title='bbox 270 3309 328 3366; x_wconf 92' lang='lat' dir='ltr'>His</span> <span class='ocrx_word' id='word_1_279' title='bbox 349 3328 435 3383; x_wconf 90' lang='lat' dir='ltr'>quum</span> <span class='ocrx_word' id='word_1_280' title='bbox 448 3310 562 3366; x_wconf 83' lang='lat' dir='ltr'>obviam</span> <span class='ocrx_word' id='word_1_281' title='bbox 582 3309 719 3366; x_wconf 75' lang='lat' dir='ltr'>imitersa</span> <span class='ocrx_word' id='word_1_282' title='bbox 739 3308 841 3365; x_wconf 86' lang='lat' dir='ltr'>civitas</span> <span class='ocrx_word' id='word_1_283' title='bbox 866 3309 896 3365; x_wconf 90' lang='lat' dir='ltr'>in</span> <span class='ocrx_word' id='word_1_284' title='bbox 918 3309 1060 3366; x_wconf 67' lang='lat' dir='ltr'>Piraeeum</span> 
     </span>
     <span class='ocr_line' id='line_1_40' title="bbox 154 3385 1060 3463; baseline -0.002 -19"><span class='ocrx_word' id='word_1_285' title='bbox 154 3386 367 3456; x_wconf 88' lang='lat' dir='ltr'>descendisset,</span> <span class='ocrx_word' id='word_1_286' title='bbox 375 3397 454 3443; x_wconf 89' lang='lat' dir='ltr'>tanta</span> <span class='ocrx_word' id='word_1_287' title='bbox 467 3386 520 3443; x_wconf 86' lang='lat' dir='ltr'>fuit</span> <span class='ocrx_word' id='word_1_288' title='bbox 530 3387 656 3444; x_wconf 90' lang='lat' dir='ltr'>omnium</span> <span class='ocrx_word' id='word_1_289' title='bbox 667 3387 846 3463; x_wconf 87' lang='lat' dir='ltr'>exspectatio</span> <span class='ocrx_word' id='word_1_290' title='bbox 855 3387 971 3444; x_wconf 82' lang='lat' dir='ltr'>uisendi</span> <span class='ocrx_word' id='word_1_291' title='bbox 980 3385 1060 3444; x_wconf 91' lang='lat' dir='ltr'>Alci·</span> 
     </span>
     <span class='ocr_line' id='line_1_41' title="bbox 153 3465 1060 3542; baseline -0.001 -19"><span class='ocrx_word' id='word_1_292' title='bbox 153 3465 258 3536; x_wconf 89' lang='lat' dir='ltr'>biadis,</span> <span class='ocrx_word' id='word_1_293' title='bbox 268 3475 299 3522; x_wconf 92' lang='lat' dir='ltr'>ut</span> <span class='ocrx_word' id='word_1_294' title='bbox 312 3465 350 3522; x_wconf 93' lang='lat' dir='ltr'>ad</span> <span class='ocrx_word' id='word_1_295' title='bbox 364 3465 427 3542; x_wconf 93' lang='lat' dir='ltr'>ejus</span> <span class='ocrx_word' id='word_1_296' title='bbox 441 3465 587 3522; x_wconf 90' lang='lat' dir='ltr'>triremem</span> <span class='ocrx_word' id='word_1_297' title='bbox 594 3466 697 3540; x_wconf 88' lang='lat' dir='ltr'>vulgus</span> <span class='ocrx_word' id='word_1_298' title='bbox 712 3465 880 3536; x_wconf 90' lang='lat' dir='ltr'>conflueret,</span> <span class='ocrx_word' id='word_1_299' title='bbox 890 3465 1012 3540; x_wconf 89' lang='lat' dir='ltr'>proinde</span> <span class='ocrx_word' id='word_1_300' title='bbox 1024 3483 1060 3522; x_wconf 88' lang='lat' dir='ltr'>ac</span> 
     </span>
    </p>

    <p class='ocr_par' dir='ltr' id='par_1_11' title="bbox 116 3542 1060 3712">
     <span class='ocr_line' id='line_1_42' title="bbox 116 3542 1060 3619; baseline -0.005 -15"><span class='ocrx_word' id='word_1_301' title='bbox 116 3549 134 3604; x_wconf 67' lang='grc' dir='ltr'>ἱ</span> <span class='ocrx_word' id='word_1_302' title='bbox 156 3544 183 3604; x_wconf 81' lang='lat' dir='ltr'>ri</span> <span class='ocrx_word' id='word_1_303' title='bbox 193 3545 273 3603; x_wconf 86' lang='lat' dir='ltr'>solus</span> <span class='ocrx_word' id='word_1_304' title='bbox 282 3543 459 3601; x_wconf 83' lang='lat' dir='ltr'>advenisset.</span> <span class='ocrx_word' id='word_1_305' title='bbox 493 3543 545 3600; x_wconf 90' lang='lat' dir='ltr'>Sic</span> <span class='ocrx_word' id='word_1_306' title='bbox 556 3542 634 3598; x_wconf 90' lang='lat' dir='ltr'>enim</span> <span class='ocrx_word' id='word_1_307' title='bbox 646 3544 753 3618; x_wconf 90' lang='lat' dir='ltr'>populo</span> <span class='ocrx_word' id='word_1_308' title='bbox 767 3555 829 3600; x_wconf 89' lang='lat' dir='ltr'>erat</span> <span class='ocrx_word' id='word_1_309' title='bbox 841 3551 1060 3619; x_wconf 71' lang='lat' dir='ltr'>persuasumst</span> 
     </span>
     <span class='ocr_line' id='line_1_43' title="bbox 155 3620 1059 3712; baseline -0.004 -28"><span class='ocrx_word' id='word_1_310' title='bbox 155 3624 293 3684; x_wconf 73' lang='lat' dir='ltr'>adventu</span> <span class='ocrx_word' id='word_1_311' title='bbox 302 3620 477 3712; x_wconf 80' lang='lat' dir='ltr'>superiores,</span> <span class='ocrx_word' id='word_1_312' title='bbox 486 3630 516 3678; x_wconf 89' lang='lat' dir='ltr'>et</span> <span class='ocrx_word' id='word_1_313' title='bbox 529 3629 687 3697; x_wconf 78' lang='lat' dir='ltr'>presentes</span> <span class='ocrx_word' id='word_1_314' title='bbox 696 3622 840 3679; x_wconf 88' lang='lat' dir='ltr'>secundas</span> <span class='ocrx_word' id='word_1_315' title='bbox 854 3641 902 3680; x_wconf 85' lang='lat' dir='ltr'>res</span> <span class='ocrx_word' id='word_1_316' title='bbox 912 3621 1059 3681; x_wconf 72' lang='lat' dir='ltr'>accidisse</span> 
     </span>
    </p>
   </div>
   <div class='ocr_carea' id='block_1_3' title="bbox 0 0 1201 4036">
    <p class='ocr_par' dir='ltr' id='par_1_12' title="bbox 0 0 1201 4036">
     <span class='ocr_line' id='line_1_44' title="bbox 0 0 1201 4036; baseline 0 0"><span class='ocrx_word' id='word_1_317' title='bbox 0 0 1201 4036; x_wconf 95' lang='lat' dir='ltr'> </span> 
     </span>
    </p>
   </div>
  </div>
 </body>
</html>
