2378 4036
162 261 200 321 re
379 251 421 317 11.
457 258 488 328 4,
504 259 535 315 5.
571 218 836 333 (rametam.)

152 402 287 480 progredi
300 418 359 459 non
371 409 544 476 paterentur.
575 397 616 456 Hi
629 399 689 457 vim
701 398 827 456 hostium
839 419 899 458 non
913 401 1055 460 sustinue-

113 488 131 540 2
152 493 226 551 runt,
238 499 329 554 eoque
341 480 406 537 loco
417 497 518 537 omnes
528 478 707 536 interierunt.
729 479 768 536 At
779 479 884 537 classis
895 481 1057 538 communis

155 560 275 619 Graeciae
301 569 496 617 trecentarum
521 557 647 627 navium,
666 557 705 614 in
732 576 789 632 qua
815 558 948 616 ducentae
977 570 1057 618 erant

153 637 383 707 Atheniensium,
397 637 519 712 primum
533 636 608 712 apud
618 637 813 707 Artemisium,
827 638 902 695 inter
916 638 1056 698 Euboesm

153 718 404 790 continentemque
425 727 539 786 terram,
554 732 620 772 cum
639 715 798 772 classiariis
817 717 897 792 regis
917 717 1051 775 conflixit

153 795 311 871 Angustias
331 795 409 854 enim
422 795 639 852 Themistocles
654 796 807 869 querebat,
820 813 859 853 ne
875 796 1056 854 multitudine

114 881 131 932 3
154 875 361 932 circumiretur.
402 873 462 932 Hic
477 873 533 931 etsi
546 873 610 948 pari
623 873 725 950 proelio
740 873 947 944 discesserant,
961 886 1056 935 tamen

154 954 257 1013 eodem
270 954 336 1011 loco
346 971 404 1010 non
415 962 482 1009 eunt
492 953 557 1009 ausi
566 971 701 1010 manere:
722 952 798 1026 quod
812 963 873 1010 erat
886 953 1055 1028 periculum,

152 1052 201 1103 ne,
215 1032 241 1090 si
261 1051 328 1108 pars
343 1032 459 1089 navium
472 1030 702 1088 adversariorum
723 1030 864 1088 Euboeam
880 1046 1057 1113 superasset,

114 1112 273 1187 lancipiti
300 1121 498 1186 premerentur
523 1109 664 1185 periculo.
706 1111 772 1176 Quo
806 1110 913 1168 factum
947 1122 1001 1182 est,
1028 1122 1057 1168 ut

154 1192 189 1249 ab
204 1190 361 1249 Artemisio
380 1189 574 1258 discederent,
590 1199 619 1246 et
633 1188 823 1246 exadversum
837 1189 969 1247 Athenas
984 1190 1058 1266 apud

156 1272 303 1329 Salamina
318 1269 445 1326 classem
458 1287 540 1325 suam
554 1268 770 1325 constituerent.

193 1349 247 1407 IV.
289 1349 328 1405 At
351 1347 478 1416 Xerxes,
495 1345 701 1422 Thermopylis
727 1347 907 1423 expugnatis,
928 1348 1058 1423 protinus

154 1427 282 1485 accessit
306 1437 378 1494 astu,
403 1426 499 1499 idque,
524 1425 612 1482 nullis
640 1425 872 1496 defendentibus,
897 1426 1057 1484 interfectis

154 1505 362 1574 sacerdotibus,
376 1523 447 1578 quos
469 1505 500 1560 in
520 1522 587 1560 arce
608 1503 767 1575 invenerat,
782 1505 919 1562 incendio
940 1505 1057 1564 delevit.

113 1591 132 1643 2
169 1623 223 1663 ΜΟ
274 1583 365 1659 Cujus
379 1583 455 1639 fama
467 1582 611 1658 perterriti
622 1584 765 1640 classiarii
776 1602 862 1659 quum
873 1603 991 1642 manere
1001 1603 1057 1642 non

170 1674 214 1713 un.
273 1663 421 1731 auderent,
436 1672 466 1718 et
485 1662 600 1737 plurimi
620 1661 808 1734 hortarentur,
823 1674 854 1720 nt
869 1663 971 1720 domos
991 1682 1057 1721 suas

172 1723 216 1762 ⁴⁸⁰‘
272 1742 393 1816 quisque
403 1740 800 1816 discederent,moenibusque
810 1762 843 1799 se
853 1742 1056 1800 defenderent:

153 1821 370 1880 Themistocles
381 1840 456 1878 unus
467 1819 580 1890 restitit,
592 1829 621 1877 et
630 1821 782 1877 universos
793 1840 878 1896 pares
891 1840 960 1878 esse
971 1840 1058 1898 posse

153 1902 257 1970 aiebat,
272 1901 421 1977 dispersos
437 1902 594 1958 testabatur
614 1900 765 1974 perituros,
780 1900 866 1975 idque
888 1900 1058 1976 Eurybiadi,

152 1979 216 2056 regi
231 1976 524 2048 Lacedaemoniorum,
536 1978 585 2052 qui
598 1976 785 2036 tum'summae
799 1978 915 2054 imperii
928 1990 1058 2055 praeerat,

115 2063 132 2116 3
153 2059 215 2117 fore
230 2058 394 2115 affirmabat.
426 2058 522 2122 Quem
535 2076 621 2131 quum
632 2057 738 2127 minus,
752 2072 837 2132 quarn
849 2059 950 2128 vellet,
963 2077 1058 2117 move·

153 2148 206 2206 ret,
220 2145 307 2192 noctu
321 2135 357 2192 de
376 2135 470 2191 servis
490 2135 560 2204 suis,
574 2154 660 2210 quem
679 2135 779 2193 habuit
798 2137 1009 2208 fidelissimum,
1024 2138 1058 2196 ad

153 2232 253 2290 regem
274 2212 361 2283 misit,
374 2223 406 2270 ut
430 2213 458 2270 ei
481 2213 626 2272 nuntiaret
649 2216 710 2272 suis
732 2215 846 2274 verbis:
876 2216 1058 2274 adversarios

114 2300 133 2353 4
155 2295 218 2370 ejus
240 2291 271 2348 in
292 2291 361 2368 fuga
383 2311 469 2350 esse:
502 2294 550 2368 qui
572 2294 599 2350 si
621 2294 839 2365 discessissent,
861 2297 971 2372 majore
995 2315 1059 2354 cum

153 2370 1059 2452 laboreetlonginquioretemporebellumconsecturum,quum

153 2451 285 2528 singulos
308 2452 472 2508 consectari
495 2463 666 2528 cogeretur3
696 2470 768 2529 quos
790 2454 817 2511 si
839 2453 936 2512 statim
958 2473 1060 2532 aggre-

154 2532 278 2599 deretur,
291 2530 372 2588 breri
386 2530 540 2588 universos
554 2549 768 2607 oppressurum.
801 2532 868 2590 Hoc
885 2551 921 2590 eo
935 2535 1059 2603 valebat,

114 2616 133 2668 5
153 2619 185 2668 ut
203 2608 335 2687 ingratiis
357 2609 393 2666 ad
414 2610 635 2686 depugnandum
651 2628 753 2668 omnes
769 2623 951 2687 cogerentur.
993 2613 1059 2671 Hac

153 2708 185 2748 re
200 2687 296 2747 audita
308 2689 455 2759 barbarus,
470 2689 544 2747 nihil
558 2690 617 2747 doli
631 2691 753 2747 subesse
769 2691 903 2760 credens,
917 2691 1058 2766 postridie

154 2768 334 2829 alienissimo
356 2767 413 2825 sibi
436 2769 512 2838 loco,
533 2780 633 2826 contra
653 2769 897 2845 opportunissimo
917 2771 1072 2841 hostibus,'

273 2847 346 2905 adeo
368 2858 490 2924 angusto
511 2848 583 2905 mari
608 2847 746 2918 conflixit,
765 2860 797 2905 ut
820 2849 884 2925 ejus
908 2849 1059 2908 multitudo

159 2916 226 3016 sm
271 2928 387 2985 navitun
402 2927 542 3003 explicari
560 2944 626 2984 non
636 2928 769 3004 Qu.
810 2928 914 2985 Victus
929 2947 999 3005 ergo
1014 2938 1059 2986 est

173 3017 211 3057 ⁴8⁰
271 3007 365 3084 magis
388 3007 511 3065 consilio
526 3007 746 3077 Themistoclis,
759 3026 846 3084 quam
867 3008 955 3065 armis
980 3007 1059 3066 Grae·

150 3067 234 3106 ’Μ’
272 3086 337 3144 ciae.

117 3167 130 3219 l
193 3162 230 3219 V.
253 3162 312 3221 Hie
328 3167 384 3222 etsi
396 3166 472 3222 male
487 3184 549 3222 rem
562 3174 704 3240 gesserat,
717 3175 814 3222 tamen
826 3175 921 3223 tantas
935 3165 1058 3225 habebat

154 3240 291 3315 reliquias
305 3244 462 3317 copiarum,
476 3254 507 3300 ut
521 3244 609 3301 etiam
622 3263 688 3301 curn
708 3244 755 3301 his
774 3244 937 3320 opprimere
958 3259 1059 3321 posset

153 3318 263 3376 hostes.
304 3321 412 3377 lterum
433 3324 469 3378 ab
492 3324 596 3380 eodem
618 3323 708 3399 gradu
726 3324 865 3399 depulsus
885 3333 940 3380 est.
982 3325 1059 3383 Nam

153 3397 370 3455 Themistocles
380 3418 495 3469 verens,
505 3420 543 3457 ne
557 3403 666 3458 bellare
680 3412 890 3477 perseveraret,
904 3402 1059 3464 certiorem

153 3496 219 3534 eum
240 3477 319 3547 fecit,
341 3477 372 3534 id
394 3478 452 3552 agi,
465 3489 496 3534 ut
519 3497 603 3552 pons,
624 3499 711 3554 quem
734 3481 785 3537 ille
808 3481 839 3537 in
863 3481 1059 3558 Hellesponto

152 3556 270 3626 fecerat,
285 3556 501 3625 dissolveretur,
515 3575 549 3612 ac
563 3558 658 3614 reditu
676 3559 707 3616 in
721 3559 824 3616 Asiam
837 3561 1059 3633 excluderetu13

114 3641 131 3692 2
152 3636 238 3710 idque
254 3634 282 3692 ei
297 3635 451 3710 persuasit.
493 3635 593 3710 Itaque
607 3655 663 3709 qua
677 3655 732 3694 sex
745 3639 894 3695 mensibus
909 3639 965 3696 iter
978 3640 1058 3698 fece·
