2378 4036
340 233 415 300 XV.
459 241 489 300 4.
536 232 817 320 (Epaminondas.)
989 246 1027 304 ol

123 389 180 448 cile
193 407 349 466 perpessus
362 398 415 460 est,
431 399 465 448 ut
484 388 521 447 de
535 379 773 465 republica‘nihil
795 397 900 465 prater
912 388 1035 465 gloriam

3 525 71 546 W„
121 487 155 528 ce
193 469 241 526 rit.
284 458 468 532 Amicorriiii
478 469 509 525 in
529 487 561 526 se
581 467 688 526 tuendo
711 469 807 525 caruit
828 466 1034 540 facultatibus3

160 549 178 606 ὁ
192 540 234 605 a'd
235 546 238 553 '
245 547 318 605 alios
335 547 529 605 sublevandos
542 565 619 639 saepe
637 547 681 621 sio
695 565 767 604 usus
780 556 832 615 est,
843 557 876 613 ut
890 547 977 623 possit
988 545 1034 622 ju-

122 625 224 696 dicari,
245 627 344 684 omnia
363 627 391 683 ei
411 645 480 683 oum
501 627 605 683 amicrs
626 607 716 683 inisse
736 626 912 682 communia.
954 623 1035 684 Nam
1056 629 1072 683 i

122 723 214 783 quum
228 714 280 762 aut
300 705 410 762 civium
424 723 544 763 suorum
564 705 670 780 aliquis
685 704 721 761 ab
736 704 864 762 hostibus
879 714 953 762 esset
968 723 1035 781 cap·

123 793 177 854 tus,
193 794 244 843 aut
265 784 348 860 virgo
363 785 450 841 amici
471 783 579 841 nubilis
600 792 715 860 propter
735 792 933 859 paupertatem
947 783 1039 858 collo--

122 864 184 922 cari
198 881 256 921 non
271 873 374 940 posset,
390 863 552 922 amicorum
566 863 723 920 concilium
737 862 871 932 habebat,
887 873 924 932 et,
942 881 1033 938 quan-

122 952 184 1001 tum
205 943 330 1018 quisque
347 942 438 1012 daret,
453 961 504 1019 pro
525 941 713 1000 facultatibus
733 942 902 1018 imperabat.
944 941 1033 1000 Eam·
1054 945 1073 1000 (t

122 1040 178 1098 que
192 1040 338 1079 summam
352 1040 445 1097 quum
459 1020 577 1090 fecerat,
598 1021 767 1097 priusquam
781 1021 927 1097 acciperet
946 1040 1032 1097 pecu-

121 1102 211 1170 niam,
235 1100 398 1158 adducebat
416 1119 495 1170 eum,
516 1100 568 1177 qui
589 1101 746 1176 quaerebat,
763 1099 798 1156 ad
818 1118 879 1170 eos,
901 1101 952 1176 qui
966 1119 1033 1158 con-

123 1178 262 1248 ferebant,
280 1181 366 1256 eique
388 1189 420 1238 ut
443 1180 498 1256 ipsi
522 1188 719 1248 numerarent,
742 1177 886 1252 faciebet3
918 1188 950 1237 ut
973 1178 1033 1250 ille,

122 1259 158 1316 ad
179 1278 269 1336 quem
293 1279 329 1316 ea
351 1278 399 1316 res
421 1259 616 1337 perveniebat,
638 1259 734 1328 sciret,
760 1269 901 1334 quantum
926 1257 1034 1334 cuique

122 1337 249 1396 deberet.

160 1415 216 1476 IV.
240 1416 365 1475 Tentata
377 1429 474 1476 autem
483 1418 549 1494 ejus
561 1428 605 1476 est
619 1416 792 1474 abstinentia
803 1436 821 1473 a
833 1415 1033 1486 Diomedonte,
1056 1420 1071 1475 1

122 1495 280 1572 cyziceno.
311 1496 448 1573 Namque
463 1498 488 1556 is
503 1507 605 1574 rogatu
614 1495 793 1554 Artaxerxis
802 1495 1034 1572 Epaminondam

122 1577 248 1651 pecunia
272 1577 517 1653 corrumpendum
538 1585 716 1652 susceperat.
758 1574 818 1633 Hic
839 1594 945 1652 magno
965 1594 1034 1636 cum

122 1654 247 1730 pondere
256 1657 321 1712 auri
336 1655 454 1713 Thebas
467 1656 555 1726 venit,
565 1665 594 1713 et
608 1654 773 1730 Micythum
784 1653 1034 1712 adolescentulum

122 1734 250 1809 quinque
271 1735 387 1792 talentis
411 1735 447 1792 ad
470 1754 554 1793 suam
579 1734 714 1810 perduxit
733 1733 921 1802 voluntatem,
947 1751 1034 1808 quem

121 1823 183 1869 tum
198 1811 415 1888 Epaminondas
428 1814 587 1890 plurimum
602 1812 749 1890 diligebat.
793 1810 944 1885 Micythus
957 1811 1033 1888 Epa·

122 1891 288 1950 minondam
307 1894 449 1962 convenit,
472 1905 500 1951 et
525 1911 647 1951 causam
672 1890 813 1948 adventus
835 1888 1033 1948 Diomedontis

121 1970 254 2029 ostendit.
297 1972 339 2029 At
353 1972 403 2030 ille
417 1971 606 2031 Diomedonte
621 1989 729 2040 coram,
744 1967 836 2037 Nihil,
852 1969 954 2045 inquit,
965 1987 1035 2043 opna
1055 1974 1073 2026 2

121 2051 241 2124 peonrtio
264 2060 316 2109 eat.
363 2049 441 2108 Nom
464 2055 491 2109 si
515 2071 548 2110 en
569 2071 620 2109 ren
643 2051 710 2120 vult,
731 2069 792 2126 quc
817 2047 956 2107 Thebanis
978 2051 1035 2106 sint

122 2130 212 2199 ofilio,
228 2131 322 2205 gratie
334 2127 438 2208 facere
458 2150 520 2188 enm
540 2140 662 2205 paratas
670 2150 685 2200 ;
706 2133 752 2187 sin
771 2137 863 2187 entem
884 2130 1033 2198 contrario,

122 2227 177 2266 non
190 2208 272 2267 habet
284 2212 351 2267 anri
370 2218 451 2286 atque
464 2212 574 2286 nrgemi
593 2213 672 2268 satia
714 2207 843 2284 Namque
857 2208 933 2266 orbis
946 2217 1032 2268 terro

121 2306 185 2345 mem
203 2289 318 2346 divitior
331 2292 456 2364 accim
471 2291 535 2347 nolo
543 2308 598 2363 pro
610 2291 708 2362 patrie
727 2291 853 2347 caritate.
901 2285 943 2345 Tu
960 2290 1073 2364 quodi

121 2385 164 2425 me
187 2369 356 2443 incognitam
374 2372 495 2438 mamad,
520 2370 613 2443 titique
637 2369 754 2426 similem
778 2370 950 2438 existimasti,
978 2386 1034 2426 non

122 2448 217 2515 miror,
242 2446 344 2522 ἤὸὶᾳαε
365 2450 477 2523 r‘gnoaco
485 2469 500 2518 ;
531 2449 582 2506 sed
604 2449 735 2523 egredere
754 2465 882 2521 propere,
906 2465 941 2504 ne
961 2448 1034 2505 alios

123 2542 294 2599 corrumpas,
315 2545 399 2601 qnam
411 2545 454 2584 me
469 2545 525 2585 non
534 2529 669 2600 pomeria.
716 2524 767 2594 Ta,
784 2524 919 2600 Micythe,
933 2545 1032 2602 orgen-

123 2611 180 2661 tum
200 2603 266 2662 hnic
284 2606 370 2664 redde
379 2626 394 2675 ;
416 2608 473 2664 miri
492 2608 524 2663 id
537 2604 681 2683 confestim
695 2603 789 2682 focis,
804 2623 854 2682 ego
878 2614 903 2664 te
924 2607 1033 2664 tradam

122 2685 311 2759 nmgiatrotm'.
363 2684 453 2743 Hunc
477 2684 636 2743 Diomedon
657 2703 749 2760 quum
770 2694 894 2762 rogaret,
917 2695 948 2743 ut
972 2695 1033 2742 tuto
1053 2689 1073 2741 4

123 2763 214 2832 exire,
231 2781 352 2839 suaque,
367 2783 433 2840 quae
452 2763 602 2834 attulisset,
618 2764 719 2822 liceret
740 2763 857 2822 efferre:
879 2761 960 2820 [atad
974 2763 1032 2836 qai

122 2840 193 2910 dem,
208 2841 311 2919 inquit,
321 2841 437 2921 faciam
443 2863 459 2914 ,·
479 2862 566 2918 meone
580 2853 629 2901 tuo
642 2863 739 2913 conen,
753 2845 804 2902 aed
817 2860 886 2911 meo,
901 2860 945 2910 ne,
960 2844 992 2898 ei
1001 2843 1033 2898 ti-

123 2918 151 2976 ta·
160 2921 198 2978 sit
206 2925 328 2996 pecnnia
341 2924 478 2997 adempto,
488 2925 592 2999 aliquia
602 2925 686 2992 dieat,
695 2924 726 2979 id
736 2924 776 2979 nd-
787 2939 830 2979 me
838 2929 960 2994 ereptum
968 2938 1033 2994 per-

121 3001 241 3071 venisse,
256 3003 329 3075 quod
342 3003 464 3060 demtum
477 3005 604 3076 accipere
617 3004 777 3060 noluissem.
820 3000 847 3056 Α
864 3018 921 3074 quo
941 3014 1035 3074 quum·
1053 3002 1073 3059 b

121 3079 282 3154 quaesisset,
294 3099 351 3156 quo
361 3101 393 3138 se
407 3080 512 3139 deduci
520 3081 617 3151 vellet,
625 3091 654 3138 et
667 3080 727 3150 ille,
744 3079 884 3153 Athenas,
897 3077 1015 3144 dixisset
1022 3098 1031 3152 3

121 3157 289 3234 presidium
304 3159 389 3229 dedit,
406 3169 437 3218 ut
458 3160 520 3238 [eo]
541 3170 602 3218 tuto
623 3159 796 3236 perveniret.
837 3156 944 3233 Neque
965 3175 1034 3216 vero

122 3235 152 3293 id
165 3237 237 3296 satis
251 3238 360 3309 habuit,
376 3239 426 3297 sed
440 3241 537 3309 etiam,
553 3249 585 3297 ut
598 3237 756 3296 inviolatus
769 3237 800 3294 in
813 3255 919 3294 navem
934 3257 1032 3296 ascen-

121 3313 213 3386 deret,
228 3335 281 3393 per
301 3316 458 3376 Chabriam
479 3319 699 3385 Atheniensem,
714 3316 749 3375 de
768 3335 826 3392 quo
844 3335 933 3395 supra
954 3336 1032 3376 meu-

122 3394 231 3453 tionem
248 3393 381 3466 fecimus,
397 3396 502 3455 effecit.
545 3397 738 3455 Abstinentiae
751 3396 806 3454 erit
820 3395 874 3454 hoc
887 3397 957 3454 satis
977 3405 1032 3452 tes·
1053 3397 1071 3452 6

121 3473 286 3532 timonium.
344 3475 476 3533 Plurima
494 3475 612 3552 quidem
634 3473 762 3552 proferre
785 3493 952 3552 possamns3
983 3473 1034 3530 sed

122 3551 226 3611 modus
235 3551 415 3612 adhibendus
429 3563 481 3624 est,
490 3555 627 3630 quoniam
642 3573 701 3611 uno
713 3554 768 3612 hoo
783 3553 929 3610 volumine
944 3551 1034 3608 vitam

123 3630 332 3691 excellentium
346 3632 476 3691 virorum
490 3631 684 3709 complurium
699 3629 874 3690 concludere
887 3628 1034 3686 constitui·

567 3808 569 3814 '
682 3805 709 3859 0
