2378 4036
161 237 205 298 68
375 228 481 295 XVII.
528 237 554 306 l,
569 237 599 294 2.
646 229 853 314 (Agesilaus.)

294 631 465 706 xvir.
516 582 928 708 AGESILAUS.

533 799 692 831 ...i-.-

122 947 135 1001 1
197 942 220 1001 1.
243 943 408 1020 Agesilaus,
424 940 659 1013 Lacedoemenics,
674 962 765 1020 quum
788 944 925 1003 aeeteris
949 945 1064 1019 scripto-

157 1021 247 1092 ribus,
263 1032 324 1080 tum
340 1023 479 1100 eximiae
506 1022 693 1100 Xenophonte
716 1023 864 1080 Socratico
881 1023 1067 1080 collaudatus

119 1105 137 1158 2
158 1110 220 1159 est:
242 1120 276 1159 eo
291 1103 368 1158 enim
384 1120 455 1158 usus
474 1111 519 1158 est
533 1100 768 1158 familiarissime.
811 1101 870 1159 Hic
886 1103 1017 1178 'primum
1032 1102 1067 1159 de

158 1198 246 1258 regno
268 1199 337 1237 cum
362 1179 551 1254 Leotychide,
574 1179 672 1238 fratris
697 1180 766 1250 lilio,
788 1180 890 1238 habuit
912 1182 1066 1238 contentio-

157 1277 235 1316 nem.
259 1257 323 1317 Mos
337 1269 380 1317 est
395 1260 473 1316 enim
488 1279 505 1316 a
520 1259 677 1334 majoribus
691 1258 922 1317 Lacedaemoniis
936 1259 1066 1328 traditus,

158 1347 190 1395 ut
213 1337 285 1396 duos
310 1338 449 1395 haberent
471 1356 586 1414 semper
611 1357 704 1415 reges,
725 1339 840 1395 nomine
862 1339 964 1415 magis,
979 1356 1066 1413 quam

157 1417 285 1494 imperio,
301 1436 338 1474 ex
364 1416 478 1473 duabus
500 1415 618 1474 familiis
633 1417 728 1474 Procli
742 1426 770 1474 et
795 1416 1001 1492 Eurysthenis,
1015 1416 1066 1493 qui

157 1496 302 1572 principes
322 1514 359 1553 ex
374 1496 510 1572 progenie
532 1495 672 1553 Herculis
694 1495 807 1572 Spartae
827 1514 912 1573 reges
937 1495 1064 1553 fuerunt.

117 1577 136 1631 3
157 1573 271 1633 Harum
286 1593 323 1632 ex
338 1574 431 1632 altera
444 1574 474 1631 in
489 1573 611 1633 alterius
626 1573 745 1632 familiae
758 1575 856 1632 locum
878 1575 941 1631 fieri
955 1593 1011 1632 non
1032 1573 1065 1631 li-

157 1654 249 1712 cebet.
293 1653 396 1729 ltaque
422 1663 545 1727 utraque
559 1673 646 1711 suum
668 1654 809 1711 retinebat
822 1653 962 1710 ordinem.
1004 1653 1065 1710 Pri-

156 1737 236 1799 mum
251 1733 323 1791 ratio
339 1732 507 1802 hebebatur,
520 1733 570 1809 qui
584 1733 730 1790 maximus
744 1742 814 1790 natu
828 1742 903 1790 esset
916 1750 952 1789 ex
967 1731 1065 1789 liberis

156 1811 220 1888 ejus
234 1813 284 1889 qui
299 1831 425 1890 regnans
440 1811 620 1870 decessisset.
657 1813 709 1869 Sin
723 1813 749 1869 is
763 1811 878 1868 virilem
891 1829 994 1868 sexum
1008 1828 1065 1867 non

156 1891 329 1967 reliquisset,
344 1902 407 1948 tum
421 1890 612 1967 deligebatur,
627 1891 678 1967 qui
695 1891 843 1967 proximus
857 1899 932 1947 esset
953 1889 1064 1966 propiu-

116 1971 275 2046 equitate.
319 1970 452 2027 Mortuus
467 1979 530 2026 erat
545 1970 619 2046 Agis
644 1989 705 2039 rex,
721 1969 810 2027 irater
832 1969 974 2046 Agesilai.
1016 1967 1064 2025 Fi-

156 2048 229 2105 lium
259 2048 417 2125 reliquerat
445 2047 664 2123 Leotychidem,
689 2067 777 2123 quem
805 2048 855 2105 ille
882 2057 983 2104 natum
1007 2065 1064 2104 non

156 2137 284 2202 agnoret,
299 2126 435 2184 eumdem
460 2127 585 2183 moriens
607 2136 697 2200 suum
721 2146 785 2185 esse
809 2126 932 2184 dixerat.
975 2124 1004 2184 ls
1028 2125 1063 2183 de

155 2204 261 2262 honore
276 2206 359 2280 regni
379 2223 448 2261 enm
463 2205 612 2281 Agesilao,
627 2224 680 2263 suo
704 2216 815 2283 patruo,
830 2204 993 2263 contendit:
1014 2223 1062 2262 ne-

115 2287 135 2341 5
156 2302 212 2360 que
237 2282 274 2352 id,
290 2283 366 2358 quod
389 2283 497 2359 petivit,
513 2294 686 2342 consecutus
706 2295 761 2342 est.
803 2284 883 2342 Nam
909 2282 1063 2360 Lysandro

155 2360 344 2438 suffragante,
370 2362 494 2432 homine,
520 2372 553 2420 nt
576 2363 751 2420 ostendimus
773 2361 873 2440 supra,
894 2361 1012 2420 factioso
1036 2371 1063 2420 e‘t

155 2441 200 2498 his
213 2441 388 2517 temporibus
403 2450 524 2517 potente,
540 2442 699 2518 Agesilaus
713 2442 856 2500 antelatus
870 2451 923 2499 est.

117 2526 131 2580 l
193 2518 231 2577 II.
255 2519 313 2576 Hic
327 2520 503 2594 simulatque
527 2521 640 2597 imperii
661 2521 766 2596 potitus
780 2530 832 2590 est,
847 2520 991 2597 persuasit
1005 2518 1061 2578 La-

153 2597 345 2668 cedoemoniis,
375 2608 407 2656 ut
429 2600 591 2657 exereitum
621 2600 784 2657 emitterent
807 2599 838 2656 iu
866 2599 979 2668 Asiam,
1005 2599 1063 2656 bel-

153 2677 273 2754 lumque
288 2678 350 2755 regi
365 2676 511 2735 facerent:
533 2678 648 2747 docens,
658 2678 821 2736 setiusesse
836 2679 866 2734 in
881 2677 964 2747 Asia,
974 2696 1063 2752 quam

153 2757 183 2815 in
198 2756 317 2834 Eumpa
331 2756 474 2814 dimicari.
516 2756 653 2833 Namque
673 2756 751 2814 fama
765 2756 886 2826 exierat,
903 2756 1062 2814 Artaxerx-

153 2855 200 2894 em
221 2854 390 2913 eomparare
405 2835 515 2894 classes
539 2835 742 2913 pedestresque
766 2836 921 2905 exercitus,
936 2854 1009 2911 quos
1034 2835 1063 2891 in

113 2922 132 2975 2
154 2915 300 2975 Graeeiam
314 2916 448 2974 mitteret.
484 2913 562 2972 Dete
575 2923 721 2991 potestate,
736 2914 979 2990 tautaceleritate
993 2931 1063 2972 usus

153 3005 204 3066 est,
217 3006 249 3073 ut
261 2996 341 3073 prius
355 2996 385 3052 in
400 2994 504 3052 Asiam
519 3013 588 3052 cum
598 2993 687 3069 copiis
702 2994 874 3069 pervenerit,
886 3010 974 3069 quarn
990 2992 1064 3068 regii

1091 3003 1172 3034 s

152 3085 275 3151 satrapae
297 3094 365 3132 eum
388 3073 496 3132 scirent
520 3071 691 3150 profectum.
733 3070 801 3136 Quo
826 3070 1009 3140 factumest,
1032 3080 1063 3128 ut
1106 3084 1112 3135 ξ

113 3157 251 3211 domnas
279 3154 434 3229 imparatos
462 3152 714 3229 imprudentesque
741 3149 909 3208 offenderet.
965 3147 998 3208 Id
1034 3158 1064 3206 ut
1146 3148 1151 3159 “

153 3231 287 3307 cognovit
301 3231 523 3308 Tissaphernes,
538 3232 589 3308 qui
604 3249 750 3288 summum
765 3230 920 3306 imperium
935 3237 998 3285 tum
1020 3229 1062 3284 in·

152 3318 197 3367 ter
211 3308 361 3383 praefectos
376 3309 499 3368 habebat
513 3311 617 3387 regios,
632 3309 767 3366 inducias
781 3327 799 3364 a
820 3303 939 3366 Lacone
953 3307 1062 3382 petivit,

152 3387 302 3456 simulans,
317 3405 348 3443 se
373 3387 442 3444 dare
463 3406 589 3463 operam,
606 3398 637 3445 ut
658 3384 889 3445 Lacedaemoniis
909 3403 979 3443 cum
993 3403 1063 3464 rege

151 3465 337 3536 conveniret3
371 3482 402 3521 re
428 3476 525 3522 autem
552 3483 620 3523 vera
645 3465 681 3522 ad
709 3466 806 3542 copias
833 3463 1063 3540 comparandasz

113 3548 259 3622 deasque
283 3542 448 3620 impetravit
469 3543 637 3600 trimestres.
679 3542 795 3602 Jurevit
815 3551 914 3600 autem
928 3552 1062 3619 uterque,

136 3641 175 3679 aa
185 3624 255 3680 urire
268 3622 336 3681 dolo
349 3620 484 3680 inducias
497 3629 749 3679 conservaturum.
791 3620 825 3681 ln
849 3639 909 3698 que
929 3621 1061 3699 pactione
